3150 4967
396 423 577 528 nunu
623 427 917 544 Qurn'rus.
1130 399 1207 540 ἢν

234 636 347 702 unum
361 614 447 686 inter
465 632 600 703 utrum,
625 639 686 687 nec
702 632 880 705 utrumque
893 617 926 688 &
936 615 1210 714 utrinqueremo-

349 710 450 791 tum)

236 790 316 863 dunr
343 794 486 882 partim,
510 817 670 867 manuum
688 792 823 866 viduata
842 791 1004 881 viciffim,

234 907 274 952 ne
297 908 354 953 ore
373 884 493 970 etiam,
518 880 588 954 fine
605 886 699 955 voltu
720 907 803 955 caeca
826 903 973 972 reperta,

234 997 265 1041 re
287 973 513 1046 membrorum
535 996 592 1059 per
612 991 721 1043 totum
740 998 859 1064 corpus
880 970 1031 1045 adhaesu:
1146 984 1213 1062 840

234 1084 277 1133 ere
296 1081 334 1133 ut
352 1060 690 1150 pollent-quicquan13
715 1085 776 1133 nec
800 1062 912 1134 cedere
932 1084 1120 1151 quoquam,
1153 1070 1172 1085 ''

234 1154 452 1237 tremulum,
477 1175 537 1222 nec
555 1149 682 1221 sumere
705 1150 794 1237 quod
820 1149 906 1222 foret
931 1149 1018 1224 usus.
1075 1206 1077 1209 -

234 1240 268 1312 ie
288 1264 405 1327 genere
423 1238 487 1312 hoc
508 1238 674 1326 monstra,
699 1265 737 1310 ac
752 1258 905 1328 portenta
925 1240 1074 1313 creabat:

234 1353 332 1400 uam:
359 1331 515 1415 quoniam
539 1332 669 1402 Natura
690 1328 864 1418 abstenuit
887 1333 1043 1401 auelum:

234 1443 308 1488 uere
326 1420 474 1504 cupitum
491 1419 596 1490 aetatis
618 1424 751 1507 tanger'e
769 1418 908 1504 florem,
1147 1428 1214 1507 845

237 1508 318 1577 erire
337 1508 470 1593 cibum,
495 1532 556 1582 nec
576 1508 667 1597 jungi
687 1532 744 1595 per
764 1506 909 1579 Veneris
930 1532 993 1581 res.

234 1596 367 1667 idemus
392 1597 482 1667 enim
503 1597 601 1670 rebus
616 1622 809 1669 concurrere
830 1596 971 1685 debere,

236 1687 362 1773 agendo
382 1684 502 1776 poffint
524 1684 702 1774 producere
725 1685 826 1758 saecla.
852 1708 855 1714 ·

234 1776 367 1848 nimrim
390 1795 430 1865 ut
448 1773 530 1862 sant,
556 1777 708 1864 genitalia
728 1775 847 1847 deinde
865 1799 923 1862 per
944 1792 1034 1849 artus

237 1865 301 1952 qui
325 1863 446 1952 poffint
463 1866 621 1936 membris
644 1889 776 1936 manare
797 1862 954 1935 renriffis:
1150 1874 1218 1953 850

234 1978 297 2041 que
316 1976 354 2025 nt
375 1954 519 2028 maribus
538 1954 693 2043 con‘ungi
712 1951 827 2041 poffit,
855 1951 1047 2024 habendum

234 2045 317 2131 lueis
339 2048 471 2119 netlant
489 2046 576 2115 inter
595 1980 627 2114 ie
648 2045 786 2132 gaudia,
811 2039 965 2130 utrisque.

234 2159 302 2220 tque
321 2151 394 2206 tum
417 2130 567 2205 interiiffe
587 2134 803 2205 Aninrantum
820 2130 911 2204 saeela
933 2126 1104 2206 neeeffest.

235 2221 313 2294 uille
332 2223 540 2314 propagando
564 2223 742 2310 procudere
763 2222 899 2309 prolem.
1199 2287 1203 2294 ,

234 2337 398 2401 taecunque
419 2311 511 2382 vides
533 2310 619 2384 vesei
639 2311 795 2384 vitalibus
820 2312 930 2396 auris,
1149 2322 1221 2397 855

234 2428 299 2490 ru,
324 2420 382 2473 aut
400 2401 541 2486 Virtus,
567 2421 624 2473 aut
646 2402 786 2487 denique
807 2400 978 2473 Mobilitas
1005 2396 1052 2470 est

235 2514 290 2565 ute
314 2516 388 2561 aevo
407 2514 510 2576 genus
530 2491 564 2562 id
584 2509 688 2562 tutata
708 2487 883 2561 reservans.

234 2606 259 2651 te
278 2577 374 2665 sunt,
402 2580 501 2650 nobis
522 2606 563 2649 ex
582 2581 730 2652 Utilitate
749 2576 806 2651 sua
824 2602 897 2738 iuae
918 2633 920 2637 »

234 2671 328 2739 ndata
347 2691 484 2741 manent
503 2670 614 2741 tutelae
634 2670 753 2739 tradita
778 2693 824 2739 no
853 2690 918 2751 rae,

234 2762 253 2827 ὸ
266 2810 278 2843 ,
305 2782 409 2845 genus
434 2783 506 2829 acre
530 2761 703 2839 Leonum,
728 2755 875 2843 srevaque
895 2754 985 2828 saecla
1077 2789 1083 2802 =
1156 2760 1224 2838 860

234 2847 249 2918 l
268 2848 406 2933 Virtus,
431 2849 569 2937 Vulpeis
590 2850 719 2932 Dolus,
747 2849 892 2936 &Fuga
914 2848 1051 2918 Cervos.

234 2962 329 3007 amna
350 2939 481 3009 Canum
502 2937 570 3008 fido
589 2962 666 3009 cunr
688 2941 819 3024 periore
846 2937 968 3021 corda,

237 3052 251 3098 s
271 3052 393 3112 omne,
418 3028 507 3115 qnod
530 3027 576 3098 est
594 3027 627 3098 V
629 3028 754 3099 eterino
780 3022 904 3095 semine
927 3042 1081 3112 partum,

234 3143 319 3207 eque
338 3115 435 3189 srnrul
455 3118 615 3207 pecuda,
642 3118 818 3190 &Bueera
840 3111 951 3203 saecla,

1096 3241 1228 3316 Omnia

234 3440 392 3507 edrogynm
414 3438 489 3509 διο.)
526 3438 594 3504 Quid
612 3440 643 3492 de
680 3438 794 3502 Μηνὶ.
1183 3501 1188 3511 Ι

236 3510 272 3563 rii
296 3506 385 3561 verius
403 3508 513 3563 leelione
530 3508 643 3575 inquira-
731 3504 850 3574 Porrfilos
870 3502 972 3567 amovi,
1004 3499 1122 3555 Latronem
1142 3497 1230 3554 aelus

234 3593 244 3628 ι
262 3585 334 3631 totns
352 3577 431 3629 deleri
453 3577 566 3631 debeat?
584 3577 644 3630 Mo·
778 3570 912 3627 absterrui.
1252 3632 1259 3637 μ

234 3664 270 3701 en
299 3644 435 3699 Heinsrnm
460 3648 491 3698 ad
509 3646 645 3700 Claudiani
715 3652 773 3708 850.
793 3642 886 3712 Qua.)
906 3638 975 3703 Arii,
998 3638 1071 3707 Qua.
1108 3635 1144 3694 ut
1156 3633 1230 3693 versu

249 3715 353 3781 legere,
668 3710 816 3781 lequenti,

234 3801 299 3852 ynen
319 3787 382 3834 inter
399 3792 503 3848 neutra,
523 3792 593 3851 atque
616 3783 646 3833 ab
779 3777 972 3830 --lulrere
1211 3842 1217 3854 ·

234 3869 288 3918 »que
297 3862 421 3905 remotum.
731 3849 829 3904 Mutua
839 3849 903 3915 queis
911 3844 1004 3900 nerlant
1022 3846 1085 3899 inler
1096 3842 1127 3905 se
1141 3840 1232 3911 gaudia

234 3921 330 3974 ehnne
345 3917 447 3976 verium
459 3917 577 3982 inseruit,
593 3918 645 3971 An·
782 3925 887 3983 eterne.

243 3989 360 4044 Platonis
380 3988 429 4058 (in
440 3986 586 4058 Symposio)
605 3988 644 4041 vi·
715 3989 775 4049 856.
796 3982 963 4049 Mobilitas.)
982 3981 1013 4034 V.
1026 3986 1085 4038 861.
1105 3978 1188 4047 Fuga.
1205 3978 1232 4033 &

235 4056 325 4113 enille.
682 4055 739 4122 quis
751 4050 819 4107 ferat
829 4053 930 4108 Barthii
943 4052 1087 4104 Nobilitas?

234 4124 411 4196 [ulrefineore.
425 4127 438 4192 )
458 4124 527 4191 Alii,
546 4124 644 4181 arma.-
717 4129 776 4187 863.
801 4122 1008 4183 Wrerinosemine
1017 4113 1149 4186 portum.)
1184 4116 1235 4170 Vc.

237 4191 279 4247 ns.
675 4193 767 4246 'terina
784 4189 914 4245 Animalia
938 4189 1060 4241 dicuntur
1079 4186 1234 4254 omniaque

234 4261 355 4326 bllerreet.
373 4264 387 4331 )
405 4262 525 4326 Nonius,
547 4262 575 4315 ia
586 4277 648 4315 voce
687 4256 961 4393 Vehnefruidpoffint.

821 4350 834 4407 5
