3150 4967
210 407 308 520 '2⁶4
334 443 353 458 ··
444 419 478 452 ··
608 392 993 506 arucuaru

231 591 340 664 Nunc
357 588 538 678 appellatur
556 590 794 666 smannens
819 590 941 680 quique
959 613 1017 679 pet
1035 562 1156 666 anebi·

231 679 401 753 Fludlibus
424 679 442 749 ὲ
461 680 561 750 tantis
585 680 710 766 vitam,
735 682 901 768 tantisque
920 679 1092 768 tenebris,

231 768 272 841 In
290 785 358 839 tam
377 769 574 856 tranquillo,
601 771 635 841 de
651 787 721 841 tam
744 769 832 841 clara
844 770 916 841 luce
933 769 1062 842 locavit.

278 853 402 929 Confer
421 858 510 928 enim
529 858 654 930 Divina
672 859 813 930 aliorum
830 859 966 947 antiqua
982 875 1121 947 reperta

214 947 390 1035 'Namque
410 947 509 1018 Ceres
527 943 631 1018 fertur
651 943 783 1036 fruges,
809 947 972 1035 Liberque
989 946 1129 1036 liquoris

229 1034 265 1108 V
266 1037 380 1125 itigeni
402 1036 530 1107 laticem
550 1036 743 1108 mortalibus
758 1033 946 1116 instituiffes

230 1124 320 1195 Cirm
343 1143 454 1210 tamen
477 1123 529 1196 his
550 1120 649 1212 pollet
663 1122 731 1197 srne
754 1125 854 1197 rebus
871 1125 952 1197 Vita
972 1146 1127 1196 maneres

229 1214 279 1286 Ut
292 1209 418 1284 fama‘st
436 1214 559 1300 aliquas
579 1215 680 1285 etiam
699 1238 791 1287 nunc
809 1215 922 1285 vivere
939 1214 1077 1303 genteis.

229 1303 275 1378 At
293 1302 378 1373 bene
399 1326 468 1372 non
487 1321 614 1389 poterat
634 1300 700 1374 fine
742 1327 805 1376 uro
824 1306 953 1390 pediore
971 1302 1053 1372 vivi.

230 1393 314 1480 Qui
339 1393 442 1480 magis
461 1389 517 1463 hic
535 1392 654 1464 merito
671 1327 879 1492 nobisDeus
900 1387 960 1462 effe
978 1390 1113 1463 videtur
1123 1437 1141 1480 ,

228 1481 281 1553 Ex
302 1503 368 1567 quo
386 1504 477 1552 nunc
499 1481 597 1551 etiam
619 1505 676 1569 per
697 1506 751 1553 rna
796 1505 831 1553 as
853 1480 962 1555 dedita
981 1480 1107 1570 genteis

228 1570 349 1642 Dulcia
369 1569 574 1656 permulcent
593 1571 722 1642 animos
759 1571 856 1642 olatia
877 1570 964 1641 vitae.

273 1659 428 1730 Herculis
447 1657 598 1730 antistare
617 1657 773 1731 autemli
798 1656 881 1731 farra
902 1657 1054 1747 putabis,
1087 1697 1090 1702 ·

227 1747 374 1836 Longius
392 1748 409 1820 i
433 1772 511 1819 vera
534 1749 642 1819 multo
654 1750 791 1828 ¹ratione
809 1746 930 1827 ferere3

229 1836 331 1924 Quid·
342 1837 502 1912 Nemaeus
523 1838 612 1909 enim
636 1838 734 1910 nobis
750 1862 842 1909 nunc
863 1861 916 1910 ma
963 1859 1002 1908 us
1018 1833 1130 1908 hiatus

227 1927 286 1997 Ille
309 1927 430 1998 Leonis
450 1925 591 2014 obellet,
617 1925 805 2000 &horrens
829 1929 912 1999 Arca
936 1928 987 1997 ius
1008 1926 1097 1997 Sus?

226 2016 381 2101 Denique
401 2016 480 2102 quid
499 2018 607 2088 Cretae
626 2036 762 2101 taurus,
787 2016 986 2102 Lernaeaque
1003 2012 1101 2103 pestis
1167 2051 1172 2056 ·

226 2104 343 2189 Hydra
363 2106 534 2176 venenatis
557 2102 659 2193 pollet
678 2105 796 2176 vallata
815 2103 988 2176 colubris?

229 2193 366 2279 Quidve
382 2194 556 2279 tripectora
574 2194 747 2281 tergemini
767 2193 820 2264 vis
845 2190 1043 2281 Geryonai?

226 2281 271 2354 E't
293 2282 467 2355 Diomedis
490 2284 565 2370 equi
585 2279 742 2371 spirantes
759 2281 896 2367 naribus
919 2282 1038 2370 ignem

225 2368 401 2457 Thracen,
431 2370 654 2458 Bistoniasque
673 2372 805 2459 plagas,
832 2381 929 2528 atpu'e
949 2366 1067 2473 limata
1087 2383 1256 2458 propter,
1313 2371 1359 2466 ,ξι

228 2463 417 2548 Tantopcre
436 2457 606 2533 officerent
626 2460 751 2534 nobis?
775 2461 860 2532 Unci
876 2483 939 2545 que
958 2456 1113 2530 trmendae

226 2552 406 2639 Unguibus
426 2552 570 2622 Arcadiae
589 2551 740 2620 volucres
760 2546 948 2636 Stymphala
973 2545 1143 2618 colentes?

225 2642 397 2727 Aureaque
419 2638 638 2726 Hesperidum
661 2634 793 2708 servans
812 2634 970 2724 fulgentia
985 2635 1068 2706 mala

224 2726 347 2815 Asper,
373 2728 487 2797 acerba
508 2745 625 2809 tuens,
652 2726 789 2796 immani
810 2749 944 2812 corpore
971 2726 1131 2810 Serpens,

224 2818 361 2887 Arboris
384 2815 555 2899 amplexus
573 2812 726 2899 stirpem:
751 2814 832 2902 quid
852 2813 992 2975 derriffue
1013 2809 1153 2904 obesset,
1318 2829 1357 2906 35

225 2904 361 3009 Propter
380 2902 583 2973 Atlantaeum
602 2902 717 2989 littus,
740 2903 916 2991 pelageque
948 2923 1065 2990 evera,
1093 2950 1096 2956 ·
1278 2992 1358 3082 Q&

259 3191 301 3231 10.
321 3175 481 3246 Sapientia.)
500 3178 602 3233 Nomen
610 3178 660 3232 boc
666 3176 698 3231 ab
709 3176 774 3231 Aliis
840 3186 883 3238 28.
907 3177 1052 3248 Tripeilm.
1067 3175 1081 3244 )
1098 3175 1356 3246 Virgiliusfflhm·

223 3240 386 3313 Philosophis
396 3248 517 3304 relidam
529 3245 578 3302 lua
591 3247 777 3302 Dourinaetri·
804 3245 859 3301 tius
878 3248 986 3311 donat,
1006 3246 1154 3315 Geryonem
1167 3247 1355 3315 ream,

223 3313 337 3367 buerunt
353 3315 498 3381 Epicurei,
528 3315 580 3369 viri
595 3316 699 3383 quidem
722 3331 775 3368 non
806 3317 833 3370 ἃ
846 3315 895 3369 Ter
908 3318 1022 3386 amalum.
1172 3331 1182 3338 ·

223 3378 324 3447 semper
335 3383 412 3435 nimis
422 3384 699 3439 modestizAuthorem
709 3399 777 3451 que
839 3389 881 3448 36.
903 3383 1037 3451 Pelagepue
1047 3381 1169 3450 severa.)
1196 3381 1257 3454 Lib.
1276 3377 1354 3442 VL'v.

223 3449 284 3500 risi
305 3449 380 3502 Adest
389 3450 514 3507 Horatius
528 3452 627 3508 nitidus
637 3450 777 3521 iliiusgre·
804 3458 865 3515 619.

223 3514 264 3583 gis
280 3515 395 3570 Porcus:
853 3515 991 3585 AtPelage
1008 3519 1101 3583 multa,
1122 3515 1158 3580 &l
1182 3519 1359 3590 latisrrlrjlm

210 3647 212 3652 Ι
275 3584 370 3635 Porcus
377 3586 482 3637 Deorum
501 3590 578 3639 aulen
595 3586 629 3650 ἐξ
640 3587 775 3655 infrequens
904 3587 1023 3639 videmus.

275 3649 495 3779 {aspiciendum
508 3654 645 3721 Sapientia
803 3653 901 3709 Eadem
918 3670 982 3709 voce
992 3653 1077 3708 utimr
1087 3651 1237 3722 Manilius,
1258 3657 1308 3714 lib.
1323 3657 1357 3712 Π.

297 3736 326 3769 on
338 3737 353 3766 u
373 3736 399 3769 us
421 3738 483 3771 ΜΟ.
822 3761 830 3777 .
884 3761 892 3776 .
1280 3765 1285 3774 .

258 3799 300 3837 12.
321 3784 354 3836 In
365 3794 414 3863 tom
424 3783 576 3853 tralqm'llo.)
595 3788 663 3844 Tale
674 3788 775 3857 aliquid
803 3739 821 3778 v
848 3737 991 3858 9aiotqrrelaee
1007 3788 1097 3843 Seditia
1110 3787 1208 3861 Perage
1217 3794 1362 3864 mrfidm

224 3853 294 3918 apud
310 3851 453 3915 Lucanum,
481 3854 583 3921 ,Quoque
607 3858 642 3909 Te
658 3860 686 3910 in
705 3865 775 3911 tran·
903 3857 981 3910 Lana

225 3918 460 3985 quillumexfaevai
468 3922 772 3988 transfertlempejiatibns.
853 3925 1021 3980 Motarmet:
1034 3951 1172 3968 ---

224 3986 276 4038 Sed
287 3986 312 4037 dc
322 3984 468 4053 irlemlegas
478 3989 546 4053 apud
560 3989 705 4045 Terentium.
802 3992 893 4045 Severa
913 4000 1000 4048 autem
1016 3991 1129 4062 Pelage,
1147 3993 1211 4050 Non
1225 3999 1290 4054 navi
1322 3999 1360 4054 bi·

224 4052 359 4172 siddim?
372 4052 531 4172 figmffisissl
544 4055 612 4175 bviiii.
634 4059 775 4113 Diodomm
786 4085 792 4102 ·
803 4060 857 4142 lie,
870 4070 915 4116 aut
924 4062 1107 4130 navigantibus
1116 4062 1225 4119 infesta:
1249 4066 1294 4123 Sic
1325 4069 1361 4124 ir·

181 4175 185 4182 ’
224 4155 495 4262 eli‚·nanivix⁶Sext⁸a
505 4140 774 4258 debibpiiiilirivtibdrnd
803 4128 953 4238 glhlffi-
964 4196 1112 4267 Aurumque
1123 4164 1251 4260 severum:

226 4258 310 4309 novit.
858 4266 1155 4336 evoptium-—
