<?xml version="1.0" encoding="UTF-8"?>
<!DOCTYPE html PUBLIC "-//W3C//DTD XHTML 1.0 Transitional//EN"
    "http://www.w3.org/TR/xhtml1/DTD/xhtml1-transitional.dtd">
<html xmlns="http://www.w3.org/1999/xhtml" xml:lang="en" lang="en">
 <head>
  <title>
</title>
<meta http-equiv="Content-Type" content="text/html;charset=utf-8" />
  <meta name='ocr-system' content='tesseract 3.04.00' />
  <meta name='ocr-capabilities' content='ocr_page ocr_carea ocr_par ocr_line ocrx_word'/>
</head>
<body>
  <div class='ocr_page' id='page_1' title='image "./tlucretiicaride02carugoog_0308.png"; bbox 0 0 3150 4967; ppageno 0'>
   <div class='ocr_carea' id='block_1_1' title="bbox 223 433 976 528">
    <p class='ocr_par' dir='ltr' id='par_1_1' title="bbox 223 433 976 528">
     <span class='ocr_line' id='line_1_1' title="bbox 223 433 976 528; baseline -0.015 1"><span class='ocrx_word' id='word_1_1' title='bbox 223 453 294 528; x_wconf 85' lang='lat'>288</span> <span class='ocrx_word' id='word_1_2' title='bbox 593 438 638 520; x_wconf 88' lang='lat' dir='ltr'>T.</span> <span class='ocrx_word' id='word_1_3' title='bbox 673 433 976 520; x_wconf 83' lang='lat' dir='ltr'><strong>LUCRETII</strong></span> 
     </span>
    </p>
   </div>
   <div class='ocr_carea' id='block_1_2' title="bbox 221 601 1344 3279">
    <p class='ocr_par' dir='ltr' id='par_1_2' title="bbox 222 601 991 696">
     <span class='ocr_line' id='line_1_2' title="bbox 222 601 991 696; baseline 0.004 -24"><span class='ocrx_word' id='word_1_4' title='bbox 222 612 302 695; x_wconf 77' lang='lat' dir='ltr'>Qro</span> <span class='ocrx_word' id='word_1_5' title='bbox 325 609 418 694; x_wconf 76' lang='lat' dir='ltr'>paeto</span> <span class='ocrx_word' id='word_1_6' title='bbox 440 601 560 678; x_wconf 78' lang='lat' dir='ltr'>aestivis</span> <span class='ocrx_word' id='word_1_7' title='bbox 579 606 598 678; x_wconf 87' lang='grc' dir='ltr'>ὲ</span> <span class='ocrx_word' id='word_1_8' title='bbox 621 606 766 696; x_wconf 85' lang='lat' dir='ltr'>partibus</span> <span class='ocrx_word' id='word_1_9' title='bbox 791 604 991 695; x_wconf 78' lang='lat' dir='ltr'>ffigocerotic</span> 
     </span>
    </p>

    <p class='ocr_par' dir='ltr' id='par_1_3' title="bbox 221 697 1060 783">
     <span class='ocr_line' id='line_1_3' title="bbox 221 697 1060 783; baseline -0.002 -15"><span class='ocrx_word' id='word_1_10' title='bbox 221 699 398 768; x_wconf 84' lang='lat' dir='ltr'>Brumulcis</span> <span class='ocrx_word' id='word_1_11' title='bbox 416 698 510 767; x_wconf 84' lang='lat' dir='ltr'>udcut</span> <span class='ocrx_word' id='word_1_12' title='bbox 528 698 653 781; x_wconf 81' lang='lat' dir='ltr'>flexus,</span> <span class='ocrx_word' id='word_1_13' title='bbox 683 714 779 783; x_wconf 87' lang='lat' dir='ltr'>utque</span> <span class='ocrx_word' id='word_1_14' title='bbox 799 697 875 765; x_wconf 86' lang='lat' dir='ltr'>inde</span> <span class='ocrx_word' id='word_1_15' title='bbox 893 716 1060 766; x_wconf 80' lang='lat' dir='ltr'>revertens</span> 
     </span>
    </p>

    <p class='ocr_par' dir='ltr' id='par_1_4' title="bbox 223 782 1033 858">
     <span class='ocr_line' id='line_1_4' title="bbox 223 782 1033 858; baseline -0.006 -1"><span class='ocrx_word' id='word_1_16' title='bbox 223 786 375 857; x_wconf 71' lang='lat' dir='ltr'>Carceris</span> <span class='ocrx_word' id='word_1_17' title='bbox 395 804 432 856; x_wconf 94' lang='lat' dir='ltr'>ut</span> <span class='ocrx_word' id='word_1_18' title='bbox 452 804 558 856; x_wconf 83' lang='lat' dir='ltr'>vertat</span> <span class='ocrx_word' id='word_1_19' title='bbox 576 805 678 858; x_wconf 81' lang='lat' dir='ltr'>metus</span> <span class='ocrx_word' id='word_1_20' title='bbox 701 782 732 856; x_wconf 83' lang='lat' dir='ltr'>se</span> <span class='ocrx_word' id='word_1_21' title='bbox 753 785 794 855; x_wconf 85' lang='lat' dir='ltr'>ud</span> <span class='ocrx_word' id='word_1_22' title='bbox 814 783 1033 856; x_wconf 86' lang='lat' dir='ltr'>Solstitiulcis:</span> 
     </span>
    </p>

    <p class='ocr_par' dir='ltr' id='par_1_5' title="bbox 223 871 1092 962">
     <span class='ocr_line' id='line_1_5' title="bbox 223 871 1092 962; baseline -0.007 -15"><span class='ocrx_word' id='word_1_23' title='bbox 223 878 380 961; x_wconf 82' lang='lat' dir='ltr'>Lunaque</span> <span class='ocrx_word' id='word_1_24' title='bbox 407 872 571 945; x_wconf 82' lang='lat' dir='ltr'>meusrbus</span> <span class='ocrx_word' id='word_1_25' title='bbox 596 876 630 944; x_wconf 93' lang='lat' dir='ltr'>id</span> <span class='ocrx_word' id='word_1_26' title='bbox 649 871 788 962; x_wconf 83' lang='lat' dir='ltr'>spatium</span> <span class='ocrx_word' id='word_1_27' title='bbox 808 873 958 943; x_wconf 85' lang='lat' dir='ltr'>videatur</span> <span class='ocrx_word' id='word_1_28' title='bbox 976 871 1092 957; x_wconf 87' lang='lat' dir='ltr'>obire,</span> 
     </span>
    </p>

    <p class='ocr_par' dir='ltr' id='par_1_6' title="bbox 224 957 1060 1051">
     <span class='ocr_line' id='line_1_6' title="bbox 224 957 1060 1051; baseline -0.01 -14"><span class='ocrx_word' id='word_1_29' title='bbox 224 969 342 1037; x_wconf 81' lang='lat' dir='ltr'>Annua</span> <span class='ocrx_word' id='word_1_30' title='bbox 363 965 416 1035; x_wconf 90' lang='lat' dir='ltr'>Sol</span> <span class='ocrx_word' id='word_1_31' title='bbox 437 966 472 1033; x_wconf 91' lang='lat' dir='ltr'>iu</span> <span class='ocrx_word' id='word_1_32' title='bbox 491 989 557 1050; x_wconf 88' lang='lat' dir='ltr'>quo</span> <span class='ocrx_word' id='word_1_33' title='bbox 582 963 746 1036; x_wconf 85' lang='lat' dir='ltr'><strong>consumit</strong></span> <span class='ocrx_word' id='word_1_34' title='bbox 768 986 917 1051; x_wconf 84' lang='lat' dir='ltr'>tempora</span> <span class='ocrx_word' id='word_1_35' title='bbox 943 957 1060 1031; x_wconf 77' lang='lat' dir='ltr'>curili:</span> 
     </span>
    </p>

    <p class='ocr_par' dir='ltr' id='par_1_7' title="bbox 222 1044 1199 1140">
     <span class='ocr_line' id='line_1_7' title="bbox 222 1044 1199 1140; baseline -0.005 -14"><span class='ocrx_word' id='word_1_36' title='bbox 222 1057 326 1139; x_wconf 89' lang='lat' dir='ltr'>Non,</span> <span class='ocrx_word' id='word_1_37' title='bbox 351 1054 509 1140; x_wconf 85' lang='lat' dir='ltr'>iuquam,</span> <span class='ocrx_word' id='word_1_38' title='bbox 538 1051 670 1140; x_wconf 86' lang='lat' dir='ltr'>limplex</span> <span class='ocrx_word' id='word_1_39' title='bbox 690 1052 743 1123; x_wconf 89' lang='lat' dir='ltr'>his</span> <span class='ocrx_word' id='word_1_40' title='bbox 767 1052 865 1122; x_wconf 85' lang='lat' dir='ltr'>rebus</span> <span class='ocrx_word' id='word_1_41' title='bbox 884 1050 1010 1121; x_wconf 83' lang='lat' dir='ltr'>reddita</span> <span class='ocrx_word' id='word_1_42' title='bbox 1031 1044 1126 1122; x_wconf 76' lang='lat' dir='ltr'>musa</span> <span class='ocrx_word' id='word_1_43' title='bbox 1146 1047 1199 1121; x_wconf 86' lang='lat' dir='ltr'>&#39;st.</span> 
     </span>
    </p>

    <p class='ocr_par' dir='ltr' id='par_1_8' title="bbox 223 1138 1042 1229">
     <span class='ocr_line' id='line_1_8' title="bbox 223 1138 1042 1229; baseline -0.006 -15"><span class='ocrx_word' id='word_1_44' title='bbox 223 1146 314 1216; x_wconf 84' lang='lat' dir='ltr'>Num</span> <span class='ocrx_word' id='word_1_45' title='bbox 332 1140 403 1213; x_wconf 85' lang='lat' dir='ltr'>fieri</span> <span class='ocrx_word' id='word_1_46' title='bbox 427 1144 479 1212; x_wconf 87' lang='lat' dir='ltr'>vel</span> <span class='ocrx_word' id='word_1_47' title='bbox 501 1167 577 1212; x_wconf 90' lang='lat' dir='ltr'>cum</span> <span class='ocrx_word' id='word_1_48' title='bbox 599 1144 712 1229; x_wconf 82' lang='lat' dir='ltr'>primis</span> <span class='ocrx_word' id='word_1_49' title='bbox 732 1142 765 1211; x_wconf 93' lang='lat' dir='ltr'>id</span> <span class='ocrx_word' id='word_1_50' title='bbox 787 1138 872 1228; x_wconf 83' lang='lat' dir='ltr'>polle</span> <span class='ocrx_word' id='word_1_51' title='bbox 891 1140 1042 1224; x_wconf 85' lang='lat' dir='ltr'>videtur,</span> 
     </span>
    </p>

    <p class='ocr_par' dir='ltr' id='par_1_9' title="bbox 221 1227 1045 1317">
     <span class='ocr_line' id='line_1_9' title="bbox 221 1227 1045 1317; baseline -0.007 -14"><span class='ocrx_word' id='word_1_52' title='bbox 221 1233 405 1303; x_wconf 87' lang='lat' dir='ltr'>Democriti</span> <span class='ocrx_word' id='word_1_53' title='bbox 426 1232 515 1317; x_wconf 89' lang='lat' dir='ltr'>quod</span> <span class='ocrx_word' id='word_1_54' title='bbox 534 1227 642 1301; x_wconf 71' lang='lat' dir='ltr'>sunda</span> <span class='ocrx_word' id='word_1_55' title='bbox 659 1233 722 1301; x_wconf 89' lang='lat' dir='ltr'>viri</span> <span class='ocrx_word' id='word_1_56' title='bbox 745 1228 906 1301; x_wconf 83' lang='lat' dir='ltr'>sententia</span> <span class='ocrx_word' id='word_1_57' title='bbox 930 1229 1045 1315; x_wconf 86' lang='lat' dir='ltr'>ponit:</span> 
     </span>
    </p>

    <p class='ocr_par' dir='ltr' id='par_1_10' title="bbox 224 1317 1186 1410">
     <span class='ocr_line' id='line_1_10' title="bbox 224 1317 1186 1410; baseline -0.001 -21"><span class='ocrx_word' id='word_1_58' title='bbox 224 1324 362 1410; x_wconf 79' lang='lat' dir='ltr'>Qumtd</span> <span class='ocrx_word' id='word_1_59' title='bbox 382 1344 519 1408; x_wconf 79' lang='lat' dir='ltr'>quaeque</span> <span class='ocrx_word' id='word_1_60' title='bbox 541 1323 644 1408; x_wconf 81' lang='lat' dir='ltr'>magis</span> <span class='ocrx_word' id='word_1_61' title='bbox 666 1317 730 1392; x_wconf 83' lang='lat' dir='ltr'>lint</span> <span class='ocrx_word' id='word_1_62' title='bbox 748 1342 869 1390; x_wconf 83' lang='lat' dir='ltr'>tetram</span> <span class='ocrx_word' id='word_1_63' title='bbox 890 1318 1000 1390; x_wconf 85' lang='lat' dir='ltr'>Sidera</span> <span class='ocrx_word' id='word_1_64' title='bbox 1019 1332 1186 1406; x_wconf 83' lang='lat' dir='ltr'>propter,</span> 
     </span>
    </p>

    <p class='ocr_par' dir='ltr' id='par_1_11' title="bbox 224 1404 1019 1497">
     <span class='ocr_line' id='line_1_11' title="bbox 224 1404 1019 1497; baseline -0.006 -16"><span class='ocrx_word' id='word_1_65' title='bbox 224 1413 337 1482; x_wconf 72' lang='lat' dir='ltr'>Tanto</span> <span class='ocrx_word' id='word_1_66' title='bbox 358 1408 441 1497; x_wconf 83' lang='lat' dir='ltr'>porse</span> <span class='ocrx_word' id='word_1_67' title='bbox 461 1410 570 1479; x_wconf 77' lang='lat' dir='ltr'>mimis</span> <span class='ocrx_word' id='word_1_68' title='bbox 590 1412 667 1480; x_wconf 83' lang='lat' dir='ltr'>c&#39;um</span> <span class='ocrx_word' id='word_1_69' title='bbox 686 1410 759 1480; x_wconf 89' lang='lat' dir='ltr'>coeli</span> <span class='ocrx_word' id='word_1_70' title='bbox 776 1409 910 1480; x_wconf 86' lang='lat' dir='ltr'>turbiue</span> <span class='ocrx_word' id='word_1_71' title='bbox 931 1404 1019 1477; x_wconf 80' lang='lat' dir='ltr'>ferri.</span> 
     </span>
    </p>

    <p class='ocr_par' dir='ltr' id='par_1_12' title="bbox 224 1496 985 1585">
     <span class='ocr_line' id='line_1_12' title="bbox 224 1496 985 1585; baseline -0.008 -14"><span class='ocrx_word' id='word_1_72' title='bbox 224 1496 420 1571; x_wconf 82' lang='lat' dir='ltr'>Evmcsccre</span> <span class='ocrx_word' id='word_1_73' title='bbox 441 1499 529 1567; x_wconf 85' lang='lat' dir='ltr'>enim</span> <span class='ocrx_word' id='word_1_74' title='bbox 551 1499 678 1585; x_wconf 85' lang='lat' dir='ltr'>rapidas</span> <span class='ocrx_word' id='word_1_75' title='bbox 696 1499 807 1582; x_wconf 86' lang='lat' dir='ltr'>illius&#39;,</span> <span class='ocrx_word' id='word_1_76' title='bbox 834 1497 985 1566; x_wconf 73' lang='lat' dir='ltr'>&amp;acreio</span> 
     </span>
    </p>

    <p class='ocr_par' dir='ltr' id='par_1_13' title="bbox 224 1584 980 1674">
     <span class='ocr_line' id='line_1_13' title="bbox 224 1584 980 1674; baseline -0.005 -15"><span class='ocrx_word' id='word_1_77' title='bbox 224 1589 384 1659; x_wconf 85' lang='lat' dir='ltr'>Imminui</span> <span class='ocrx_word' id='word_1_78' title='bbox 404 1584 514 1658; x_wconf 80' lang='lat' dir='ltr'><strong>subter</strong></span> <span class='ocrx_word' id='word_1_79' title='bbox 533 1588 654 1673; x_wconf 88' lang='lat' dir='ltr'>vireis,</span> <span class='ocrx_word' id='word_1_80' title='bbox 680 1589 818 1674; x_wconf 88' lang='lat' dir='ltr'>ideoque</span> <span class='ocrx_word' id='word_1_81' title='bbox 840 1586 980 1672; x_wconf 84' lang='lat' dir='ltr'>relinqui</span> 
     </span>
    </p>

    <p class='ocr_par' dir='ltr' id='par_1_14' title="bbox 224 1675 1015 1764">
     <span class='ocr_line' id='line_1_14' title="bbox 224 1675 1015 1764; baseline -0.004 -16"><span class='ocrx_word' id='word_1_82' title='bbox 224 1678 395 1748; x_wconf 76' lang='lat' dir='ltr'>Paullatim</span> <span class='ocrx_word' id='word_1_83' title='bbox 415 1679 523 1750; x_wconf 86' lang='lat' dir='ltr'>Solem</span> <span class='ocrx_word' id='word_1_84' title='bbox 544 1701 619 1748; x_wconf 91' lang='lat' dir='ltr'>cum</span> <span class='ocrx_word' id='word_1_85' title='bbox 639 1675 864 1764; x_wconf 88' lang='lat' dir='ltr'>posterioribu’</span> <span class='ocrx_word' id='word_1_86' title='bbox 886 1676 1015 1763; x_wconf 86' lang='lat' dir='ltr'>Signis,</span> 
     </span>
    </p>

    <p class='ocr_par' dir='ltr' id='par_1_15' title="bbox 223 1763 1082 1854">
     <span class='ocr_line' id='line_1_15' title="bbox 223 1763 1082 1854; baseline -0.006 -17"><span class='ocrx_word' id='word_1_87' title='bbox 223 1767 362 1837; x_wconf 75' lang='lat' dir='ltr'>lulerior</span> <span class='ocrx_word' id='word_1_88' title='bbox 382 1768 489 1837; x_wconf 79' lang='lat' dir='ltr'>multo</span> <span class='ocrx_word' id='word_1_89' title='bbox 505 1766 595 1854; x_wconf 80' lang='lat' dir='ltr'>quod</span> <span class='ocrx_word' id='word_1_90' title='bbox 613 1764 673 1850; x_wconf 84' lang='lat' dir='ltr'>fit,</span> <span class='ocrx_word' id='word_1_91' title='bbox 699 1768 798 1853; x_wconf 77' lang='lat' dir='ltr'>quim</span> <span class='ocrx_word' id='word_1_92' title='bbox 822 1763 947 1834; x_wconf 81' lang='lat' dir='ltr'>fervida</span> <span class='ocrx_word' id='word_1_93' title='bbox 961 1766 1082 1852; x_wconf 82' lang='lat' dir='ltr'>Signa:</span> 
     </span>
    </p>

    <p class='ocr_par' dir='ltr' id='par_1_16' title="bbox 224 1851 1113 1943">
     <span class='ocr_line' id='line_1_16' title="bbox 224 1851 1113 1943; baseline -0.003 -16"><span class='ocrx_word' id='word_1_94' title='bbox 224 1859 265 1927; x_wconf 77' lang='lat' dir='ltr'>Et</span> <span class='ocrx_word' id='word_1_95' title='bbox 287 1858 387 1943; x_wconf 80' lang='lat' dir='ltr'>magis</span> <span class='ocrx_word' id='word_1_96' title='bbox 407 1854 471 1927; x_wconf 85' lang='lat' dir='ltr'>hoc</span> <span class='ocrx_word' id='word_1_97' title='bbox 491 1859 636 1928; x_wconf 76' lang='lat' dir='ltr'>lunam:</span> <span class='ocrx_word' id='word_1_98' title='bbox 665 1859 697 1925; x_wconf 70' lang='grc' dir='ltr'><strong>ἃ</strong></span> <span class='ocrx_word' id='word_1_99' title='bbox 715 1855 841 1941; x_wconf 78' lang='lat' dir='ltr'>quanti)</span> <span class='ocrx_word' id='word_1_100' title='bbox 861 1851 1025 1924; x_wconf 81' lang='lat' dir='ltr'>demillror</span> <span class='ocrx_word' id='word_1_101' title='bbox 1042 1854 1113 1938; x_wconf 84' lang='lat' dir='ltr'>ejus</span> 
     </span>
    </p>

    <p class='ocr_par' dir='ltr' id='par_1_17' title="bbox 226 1941 1196 2043">
     <span class='ocr_line' id='line_1_17' title="bbox 226 1941 1196 2043; baseline -0.004 -27"><span class='ocrx_word' id='word_1_102' title='bbox 226 1942 348 2016; x_wconf 85' lang='lat' dir='ltr'>Cursus</span> <span class='ocrx_word' id='word_1_103' title='bbox 371 1944 460 2015; x_wconf 82' lang='lat' dir='ltr'>abest</span> <span class='ocrx_word' id='word_1_104' title='bbox 480 1945 594 2032; x_wconf 86' lang='lat' dir='ltr'>procul</span> <span class='ocrx_word' id='word_1_105' title='bbox 613 1946 632 2013; x_wconf 76' lang='lat' dir='ltr'>ti</span> <span class='ocrx_word' id='word_1_106' title='bbox 651 1946 767 2029; x_wconf 88' lang='lat' dir='ltr'>Coelo,</span> <span class='ocrx_word' id='word_1_107' title='bbox 795 1941 949 2030; x_wconf 82' lang='lat' dir='ltr'>terrisque</span> <span class='ocrx_word' id='word_1_108' title='bbox 971 1943 1196 2043; x_wconf 62' lang='lat' dir='ltr'>propinquat,</span> 
     </span>
    </p>

    <p class='ocr_par' dir='ltr' id='par_1_18' title="bbox 224 2031 1344 2120">
     <span class='ocr_line' id='line_1_18' title="bbox 224 2031 1344 2120; baseline -0.004 -16"><span class='ocrx_word' id='word_1_109' title='bbox 224 2036 255 2104; x_wconf 86' lang='lat' dir='ltr'>T</span> <span class='ocrx_word' id='word_1_110' title='bbox 258 2037 337 2103; x_wconf 77' lang='lat' dir='ltr'>umd</span> <span class='ocrx_word' id='word_1_111' title='bbox 358 2032 442 2119; x_wconf 85' lang='lat' dir='ltr'>porl&#39;e</span> <span class='ocrx_word' id='word_1_112' title='bbox 462 2036 572 2105; x_wconf 75' lang='lat' dir='ltr'>mimis</span> <span class='ocrx_word' id='word_1_113' title='bbox 593 2058 667 2105; x_wconf 92' lang='lat' dir='ltr'>cum</span> <span class='ocrx_word' id='word_1_114' title='bbox 690 2034 799 2120; x_wconf 87' lang='lat' dir='ltr'>Signis</span> <span class='ocrx_word' id='word_1_115' title='bbox 819 2033 952 2103; x_wconf 87' lang='lat' dir='ltr'>tendere</span> <span class='ocrx_word' id='word_1_116' title='bbox 972 2031 1111 2102; x_wconf 85' lang='lat' dir='ltr'>curlum.</span> <span class='ocrx_word' id='word_1_117' title='bbox 1290 2039 1344 2120; x_wconf 77' lang='lat'>630</span> 
     </span>
    </p>

    <p class='ocr_par' dir='ltr' id='par_1_19' title="bbox 226 2118 1047 2219">
     <span class='ocr_line' id='line_1_19' title="bbox 226 2118 1047 2219; baseline -0.001 -29"><span class='ocrx_word' id='word_1_118' title='bbox 226 2123 418 2219; x_wconf 75' lang='lat' dir='ltr'>Fiuccidiore</span> <span class='ocrx_word' id='word_1_119' title='bbox 440 2125 537 2192; x_wconf 86' lang='lat' dir='ltr'>etiam</span> <span class='ocrx_word' id='word_1_120' title='bbox 557 2125 683 2211; x_wconf 78' lang='lat' dir='ltr'>quanti)</span> <span class='ocrx_word' id='word_1_121' title='bbox 704 2123 767 2207; x_wconf 81' lang='lat' dir='ltr'>ium</span> <span class='ocrx_word' id='word_1_122' title='bbox 791 2122 923 2193; x_wconf 85' lang='lat' dir='ltr'>turbiue</span> <span class='ocrx_word' id='word_1_123' title='bbox 945 2118 1047 2190; x_wconf 81' lang='lat' dir='ltr'>fertur</span> 
     </span>
    </p>

    <p class='ocr_par' dir='ltr' id='par_1_20' title="bbox 225 2210 1083 2299">
     <span class='ocr_line' id='line_1_20' title="bbox 225 2210 1083 2299; baseline -0.002 -19"><span class='ocrx_word' id='word_1_124' title='bbox 225 2212 364 2280; x_wconf 85' lang='lat' dir='ltr'>Iulerior</span> <span class='ocrx_word' id='word_1_125' title='bbox 382 2211 481 2295; x_wconf 75' lang='lat' dir='ltr'>quim</span> <span class='ocrx_word' id='word_1_126' title='bbox 503 2212 578 2292; x_wconf 86' lang='lat' dir='ltr'>Sol,</span> <span class='ocrx_word' id='word_1_127' title='bbox 604 2214 699 2282; x_wconf 80' lang='lat' dir='ltr'>tanto</span> <span class='ocrx_word' id='word_1_128' title='bbox 718 2213 822 2299; x_wconf 79' lang='lat' dir='ltr'>magis</span> <span class='ocrx_word' id='word_1_129' title='bbox 843 2211 955 2281; x_wconf 86' lang='lat' dir='ltr'>omnia</span> <span class='ocrx_word' id='word_1_130' title='bbox 984 2210 1083 2295; x_wconf 81' lang='lat' dir='ltr'>Signa</span> 
     </span>
    </p>

    <p class='ocr_par' dir='ltr' id='par_1_21' title="bbox 223 2295 1146 2387">
     <span class='ocr_line' id='line_1_21' title="bbox 223 2295 1146 2387; baseline -0.002 -17"><span class='ocrx_word' id='word_1_131' title='bbox 223 2301 319 2370; x_wconf 78' lang='lat' dir='ltr'>Hunc</span> <span class='ocrx_word' id='word_1_132' title='bbox 338 2297 585 2385; x_wconf 82' lang='lat' dir='ltr'>adipiscuntur,</span> <span class='ocrx_word' id='word_1_133' title='bbox 611 2303 757 2385; x_wconf 86' lang='lat' dir='ltr'>circum,</span> <span class='ocrx_word' id='word_1_134' title='bbox 783 2322 963 2387; x_wconf 74' lang='lat' dir='ltr'>praeterque</span> <span class='ocrx_word' id='word_1_135' title='bbox 982 2295 1146 2368; x_wconf 81' lang='lat' dir='ltr'>feruutur.</span> 
     </span>
    </p>

    <p class='ocr_par' dir='ltr' id='par_1_22' title="bbox 225 2385 1178 2476">
     <span class='ocr_line' id='line_1_22' title="bbox 225 2385 1178 2476; baseline -0.001 -17"><span class='ocrx_word' id='word_1_136' title='bbox 225 2390 397 2474; x_wconf 82' lang='lat' dir='ltr'>Propterea</span> <span class='ocrx_word' id='word_1_137' title='bbox 417 2386 477 2475; x_wconf 86' lang='lat' dir='ltr'>fit,</span> <span class='ocrx_word' id='word_1_138' title='bbox 502 2408 542 2459; x_wconf 89' lang='lat' dir='ltr'>ut</span> <span class='ocrx_word' id='word_1_139' title='bbox 561 2391 643 2461; x_wconf 78' lang='lat' dir='ltr'>Haec</span> <span class='ocrx_word' id='word_1_140' title='bbox 661 2389 701 2459; x_wconf 85' lang='lat' dir='ltr'>ud</span> <span class='ocrx_word' id='word_1_141' title='bbox 720 2391 858 2476; x_wconf 86' lang='lat' dir='ltr'>Signum</span> <span class='ocrx_word' id='word_1_142' title='bbox 877 2387 1030 2476; x_wconf 70' lang='lat' dir='ltr'>quodque</span> <span class='ocrx_word' id='word_1_143' title='bbox 1052 2385 1178 2458; x_wconf 86' lang='lat' dir='ltr'>reverti</span> 
     </span>
    </p>

    <p class='ocr_par' dir='ltr' id='par_1_23' title="bbox 225 2473 1344 2653">
     <span class='ocr_line' id='line_1_23' title="bbox 225 2473 1344 2567; baseline -0.003 -18"><span class='ocrx_word' id='word_1_144' title='bbox 225 2479 383 2549; x_wconf 83' lang='lat' dir='ltr'>Mobilids</span> <span class='ocrx_word' id='word_1_145' title='bbox 408 2478 577 2562; x_wconf 79' lang='lat' dir='ltr'>videatur,</span> <span class='ocrx_word' id='word_1_146' title='bbox 603 2480 643 2548; x_wconf 84' lang='lat' dir='ltr'>ad</span> <span class='ocrx_word' id='word_1_147' title='bbox 662 2480 758 2549; x_wconf 85' lang='lat' dir='ltr'>Hunc</span> <span class='ocrx_word' id='word_1_148' title='bbox 775 2478 851 2564; x_wconf 81' lang='lat' dir='ltr'>quia</span> <span class='ocrx_word' id='word_1_149' title='bbox 870 2480 969 2564; x_wconf 82' lang='lat' dir='ltr'>Signa</span> <span class='ocrx_word' id='word_1_150' title='bbox 989 2473 1148 2547; x_wconf 89' lang='lat' dir='ltr'>revisunt.</span> <span class='ocrx_word' id='word_1_151' title='bbox 1207 2486 1216 2490; x_wconf 84' lang='grc'><em>“</em></span> <span class='ocrx_word' id='word_1_152' title='bbox 1291 2488 1344 2567; x_wconf 80' lang='lat'>635</span> 
     </span>
     <span class='ocr_line' id='line_1_24' title="bbox 270 2564 1168 2653; baseline 0 -16"><span class='ocrx_word' id='word_1_153' title='bbox 270 2568 320 2637; x_wconf 82' lang='lat' dir='ltr'>Fit</span> <span class='ocrx_word' id='word_1_154' title='bbox 338 2591 469 2653; x_wconf 83' lang='lat' dir='ltr'>quoque</span> <span class='ocrx_word' id='word_1_155' title='bbox 496 2591 533 2638; x_wconf 93' lang='lat' dir='ltr'>ut</span> <span class='ocrx_word' id='word_1_156' title='bbox 553 2567 707 2638; x_wconf 75' lang='lat' dir='ltr'>emundi</span> <span class='ocrx_word' id='word_1_157' title='bbox 727 2564 915 2638; x_wconf 80' lang='lat' dir='ltr'>trarrlverlis</span> <span class='ocrx_word' id='word_1_158' title='bbox 934 2566 1081 2653; x_wconf 85' lang='lat' dir='ltr'>partibus</span> <span class='ocrx_word' id='word_1_159' title='bbox 1100 2568 1168 2637; x_wconf 61' lang='lat' dir='ltr'>Aet</span> 
     </span>
    </p>

    <p class='ocr_par' dir='ltr' id='par_1_24' title="bbox 224 2653 1000 2743">
     <span class='ocr_line' id='line_1_25' title="bbox 224 2653 1000 2743; baseline -0.003 -16"><span class='ocrx_word' id='word_1_160' title='bbox 224 2658 364 2727; x_wconf 80' lang='lat' dir='ltr'>Alternis</span> <span class='ocrx_word' id='word_1_161' title='bbox 388 2678 475 2726; x_wconf 85' lang='lat' dir='ltr'>certo</span> <span class='ocrx_word' id='word_1_162' title='bbox 496 2658 597 2726; x_wconf 82' lang='lat' dir='ltr'>{luere</span> <span class='ocrx_word' id='word_1_163' title='bbox 615 2657 695 2726; x_wconf 87' lang='lat' dir='ltr'>ulter</span> <span class='ocrx_word' id='word_1_164' title='bbox 713 2676 862 2743; x_wconf 86' lang='lat' dir='ltr'>tempore</span> <span class='ocrx_word' id='word_1_165' title='bbox 883 2653 1000 2742; x_wconf 82' lang='lat' dir='ltr'>poffit,</span> 
     </span>
    </p>

    <p class='ocr_par' dir='ltr' id='par_1_25' title="bbox 224 2745 1011 2833">
     <span class='ocr_line' id='line_1_26' title="bbox 224 2745 1011 2833; baseline 0.004 -21"><span class='ocrx_word' id='word_1_166' title='bbox 224 2745 294 2828; x_wconf 79' lang='lat' dir='ltr'>Qri</span> <span class='ocrx_word' id='word_1_167' title='bbox 315 2768 411 2829; x_wconf 85' lang='lat' dir='ltr'>queat</span> <span class='ocrx_word' id='word_1_168' title='bbox 431 2745 551 2815; x_wconf 63' lang='lat' dir='ltr'>aestiuis</span> <span class='ocrx_word' id='word_1_169' title='bbox 575 2747 683 2816; x_wconf 88' lang='lat' dir='ltr'>Solem</span> <span class='ocrx_word' id='word_1_170' title='bbox 712 2747 884 2816; x_wconf 85' lang='lat' dir='ltr'>detrudere</span> <span class='ocrx_word' id='word_1_171' title='bbox 905 2746 1011 2833; x_wconf 81' lang='lat' dir='ltr'>Signis</span> 
     </span>
    </p>

    <p class='ocr_par' dir='ltr' id='par_1_26' title="bbox 223 2831 1158 2921">
     <span class='ocr_line' id='line_1_27' title="bbox 223 2831 1158 2921; baseline 0.003 -19"><span class='ocrx_word' id='word_1_172' title='bbox 223 2834 400 2902; x_wconf 85' lang='lat' dir='ltr'>Brumulcis</span> <span class='ocrx_word' id='word_1_173' title='bbox 422 2831 522 2918; x_wconf 84' lang='lat' dir='ltr'>ul&#39;quc</span> <span class='ocrx_word' id='word_1_174' title='bbox 543 2834 584 2902; x_wconf 81' lang='lat' dir='ltr'>ad</span> <span class='ocrx_word' id='word_1_175' title='bbox 608 2834 732 2919; x_wconf 80' lang='lat' dir='ltr'>flexus,</span> <span class='ocrx_word' id='word_1_176' title='bbox 758 2836 966 2921; x_wconf 81' lang='lat' dir='ltr'>gelidumque</span> <span class='ocrx_word' id='word_1_177' title='bbox 989 2833 1158 2921; x_wconf 82' lang='lat' dir='ltr'>rigorem:</span> 
     </span>
    </p>

    <p class='ocr_par' dir='ltr' id='par_1_27' title="bbox 223 2922 1344 3013">
     <span class='ocr_line' id='line_1_28' title="bbox 223 2922 1344 3013; baseline 0.007 -22"><span class='ocrx_word' id='word_1_178' title='bbox 223 2923 264 2991; x_wconf 81' lang='lat' dir='ltr'>Et</span> <span class='ocrx_word' id='word_1_179' title='bbox 283 2924 337 3007; x_wconf 86' lang='lat' dir='ltr'>qui</span> <span class='ocrx_word' id='word_1_180' title='bbox 357 2923 480 3008; x_wconf 75' lang='lat' dir='ltr'>rejiciat</span> <span class='ocrx_word' id='word_1_181' title='bbox 499 2922 611 3009; x_wconf 83' lang='lat' dir='ltr'>gelidis</span> <span class='ocrx_word' id='word_1_182' title='bbox 632 2924 650 2991; x_wconf 74' lang='lat' dir='ltr'>l</span> <span class='ocrx_word' id='word_1_183' title='bbox 671 2925 814 3010; x_wconf 82' lang='lat' dir='ltr'>Frigoris</span> <span class='ocrx_word' id='word_1_184' title='bbox 832 2924 960 2994; x_wconf 89' lang='lat' dir='ltr'>umbris</span> <span class='ocrx_word' id='word_1_185' title='bbox 1294 2931 1344 3013; x_wconf 71' lang='lat' dir='ltr'>eu</span> 
     </span>
    </p>

    <p class='ocr_par' dir='ltr' id='par_1_28' title="bbox 222 3007 1051 3099">
     <span class='ocr_line' id='line_1_29' title="bbox 222 3007 1051 3099; baseline 0.001 -18"><span class='ocrx_word' id='word_1_186' title='bbox 222 3007 383 3081; x_wconf 72' lang='lat' dir='ltr'>ffistil&#39;ems</span> <span class='ocrx_word' id='word_1_187' title='bbox 405 3007 506 3099; x_wconf 85' lang='lat' dir='ltr'>usquc</span> <span class='ocrx_word' id='word_1_188' title='bbox 527 3013 718 3098; x_wconf 69' lang='lat' dir='ltr'>iuuencis,</span> <span class='ocrx_word' id='word_1_189' title='bbox 744 3015 776 3081; x_wconf 79' lang='lat' dir='ltr'>dr</span> <span class='ocrx_word' id='word_1_190' title='bbox 798 3009 923 3082; x_wconf 85' lang='lat' dir='ltr'>fervida</span> <span class='ocrx_word' id='word_1_191' title='bbox 942 3012 1051 3099; x_wconf 83' lang='lat' dir='ltr'>Signa.</span> 
     </span>
    </p>

    <p class='ocr_par' dir='ltr' id='par_1_29' title="bbox 222 3099 1135 3188">
     <span class='ocr_line' id='line_1_30' title="bbox 222 3099 1135 3188; baseline 0.001 -18"><span class='ocrx_word' id='word_1_192' title='bbox 222 3101 265 3170; x_wconf 87' lang='lat' dir='ltr'>Et</span> <span class='ocrx_word' id='word_1_193' title='bbox 284 3102 410 3170; x_wconf 89' lang='lat' dir='ltr'>rutioue</span> <span class='ocrx_word' id='word_1_194' title='bbox 427 3104 496 3188; x_wconf 83' lang='lat' dir='ltr'>puri</span> <span class='ocrx_word' id='word_1_195' title='bbox 515 3104 664 3187; x_wconf 83' lang='lat' dir='ltr'>Lunum,</span> <span class='ocrx_word' id='word_1_196' title='bbox 690 3099 865 3187; x_wconf 85' lang='lat' dir='ltr'>Stellusque</span> <span class='ocrx_word' id='word_1_197' title='bbox 887 3099 1110 3186; x_wconf 86' lang='lat' dir='ltr'>putandum’st</span> <span class='ocrx_word' id='word_1_198' title='bbox 1121 3149 1135 3186; x_wconf 91' lang='lat'>‚</span> 
     </span>
    </p>

    <p class='ocr_par' dir='ltr' id='par_1_30' title="bbox 224 3190 1149 3279">
     <span class='ocr_line' id='line_1_31' title="bbox 224 3190 1149 3279; baseline 0.002 -20"><span class='ocrx_word' id='word_1_199' title='bbox 224 3192 310 3277; x_wconf 74' lang='lat' dir='ltr'>Quae</span> <span class='ocrx_word' id='word_1_200' title='bbox 333 3192 475 3262; x_wconf 81' lang='lat' dir='ltr'>volvunt</span> <span class='ocrx_word' id='word_1_201' title='bbox 493 3215 629 3279; x_wconf 79' lang='lat' dir='ltr'>magnos</span> <span class='ocrx_word' id='word_1_202' title='bbox 648 3193 685 3261; x_wconf 88' lang='lat' dir='ltr'>in</span> <span class='ocrx_word' id='word_1_203' title='bbox 709 3192 836 3277; x_wconf 86' lang='lat' dir='ltr'>magnis</span> <span class='ocrx_word' id='word_1_204' title='bbox 860 3190 998 3261; x_wconf 87' lang='lat' dir='ltr'>orbibus</span> <span class='ocrx_word' id='word_1_205' title='bbox 1018 3214 1149 3278; x_wconf 76' lang='lat' dir='ltr'>armoe,</span> 
     </span>
    </p>
   </div>
   <div class='ocr_carea' id='block_1_3' title="bbox 1272 3277 1346 3356">
    <p class='ocr_par' dir='ltr' id='par_1_31' title="bbox 1272 3277 1346 3356">
     <span class='ocr_line' id='line_1_32' title="bbox 1272 3277 1346 3356; baseline 0 0"><span class='ocrx_word' id='word_1_206' title='bbox 1272 3277 1346 3356; x_wconf 81' lang='lat' dir='ltr'>A&#39;e&#39;ti·</span> 
     </span>
    </p>
   </div>
   <div class='ocr_carea' id='block_1_4' title="bbox 222 3445 1381 4338">
    <p class='ocr_par' dir='ltr' id='par_1_32' title="bbox 222 3445 1381 4338">
     <span class='ocr_line' id='line_1_33' title="bbox 223 3445 1346 3518; baseline 0.006 -19"><span class='ocrx_word' id='word_1_207' title='bbox 223 3447 312 3507; x_wconf 82' lang='lat' dir='ltr'>Luna.</span> <span class='ocrx_word' id='word_1_208' title='bbox 333 3446 440 3515; x_wconf 85' lang='lat' dir='ltr'>ideoque</span> <span class='ocrx_word' id='word_1_209' title='bbox 459 3446 533 3501; x_wconf 87' lang='lat' dir='ltr'>illum</span> <span class='ocrx_word' id='word_1_210' title='bbox 546 3447 630 3502; x_wconf 79' lang='lat' dir='ltr'>rarids</span> <span class='ocrx_word' id='word_1_211' title='bbox 648 3445 724 3516; x_wconf 81' lang='lat' dir='ltr'>quim</span> <span class='ocrx_word' id='word_1_212' title='bbox 737 3447 768 3501; x_wconf 88' lang='lat' dir='ltr'>il-</span> <span class='ocrx_word' id='word_1_213' title='bbox 836 3454 896 3512; x_wconf 88' lang='lat'><em>615.</em></span> <span class='ocrx_word' id='word_1_214' title='bbox 918 3447 1043 3512; x_wconf 66' lang='lat' dir='ltr'>Fraus.)</span> <span class='ocrx_word' id='word_1_215' title='bbox 1061 3446 1240 3518; x_wconf 69' lang='lat' dir='ltr'>nonme,</span> <span class='ocrx_word' id='word_1_216' title='bbox 1259 3453 1346 3508; x_wconf 71' lang='lat' dir='ltr'>Mem</span> 
     </span>
     <span class='ocr_line' id='line_1_34' title="bbox 223 3511 1346 3590; baseline 0.014 -26"><span class='ocrx_word' id='word_1_217' title='bbox 223 3511 274 3564; x_wconf 76' lang='lat' dir='ltr'>lam</span> <span class='ocrx_word' id='word_1_218' title='bbox 288 3516 367 3581; x_wconf 81' lang='lat' dir='ltr'>Signa</span> <span class='ocrx_word' id='word_1_219' title='bbox 376 3515 541 3583; x_wconf 82' lang='lat' dir='ltr'>allequuntur</span> <span class='ocrx_word' id='word_1_220' title='bbox 557 3521 582 3572; x_wconf 76' lang='lat' dir='ltr'>e</span> <span class='ocrx_word' id='word_1_221' title='bbox 592 3526 764 3586; x_wconf 73' lang='lat' dir='ltr'>pratereuut:</span> <span class='ocrx_word' id='word_1_222' title='bbox 803 3518 856 3571; x_wconf 87' lang='lat' dir='ltr'>viz.</span> <span class='ocrx_word' id='word_1_223' title='bbox 871 3514 994 3570; x_wconf 87' lang='lat' dir='ltr'>chursu</span> <span class='ocrx_word' id='word_1_224' title='bbox 1012 3516 1135 3572; x_wconf 84' lang='lat' dir='ltr'>Siderum</span> <span class='ocrx_word' id='word_1_225' title='bbox 1150 3537 1236 3590; x_wconf 79' lang='lat' dir='ltr'>agens</span> <span class='ocrx_word' id='word_1_226' title='bbox 1254 3521 1346 3578; x_wconf 64' lang='lat' dir='ltr'>voulut</span> 
     </span>
     <span class='ocr_line' id='line_1_35' title="bbox 223 3582 1345 3648; baseline 0.01 -13"><span class='ocrx_word' id='word_1_227' title='bbox 223 3582 313 3648; x_wconf 77' lang='lat' dir='ltr'>Neque</span> <span class='ocrx_word' id='word_1_228' title='bbox 329 3584 423 3636; x_wconf 86' lang='lat' dir='ltr'>mirum</span> <span class='ocrx_word' id='word_1_229' title='bbox 438 3584 541 3638; x_wconf 81' lang='lat' dir='ltr'>filum</span> <span class='ocrx_word' id='word_1_230' title='bbox 560 3604 611 3639; x_wconf 89' lang='lat' dir='ltr'>uuo</span> <span class='ocrx_word' id='word_1_231' title='bbox 628 3583 718 3640; x_wconf 78' lang='lat' dir='ltr'>Mense</span> <span class='ocrx_word' id='word_1_232' title='bbox 729 3587 769 3639; x_wconf 92' lang='lat' dir='ltr'>Si·</span> <span class='ocrx_word' id='word_1_233' title='bbox 802 3587 887 3639; x_wconf 86' lang='lat' dir='ltr'>utitur</span> <span class='ocrx_word' id='word_1_234' title='bbox 895 3586 1029 3640; x_wconf 80' lang='lat' dir='ltr'>certamini</span> <span class='ocrx_word' id='word_1_235' title='bbox 1039 3585 1135 3641; x_wconf 76' lang='lat' dir='ltr'>curuli</span> <span class='ocrx_word' id='word_1_236' title='bbox 1148 3591 1345 3646; x_wconf 73' lang='lat' dir='ltr'>accommodarit</span> 
     </span>
     <span class='ocr_line' id='line_1_36' title="bbox 224 3652 1347 3723; baseline 0.014 -23"><span class='ocrx_word' id='word_1_237' title='bbox 224 3667 273 3715; x_wconf 72' lang='lat' dir='ltr'>gur</span> <span class='ocrx_word' id='word_1_238' title='bbox 287 3652 387 3714; x_wconf 78' lang='lat' dir='ltr'>omniu,</span> <span class='ocrx_word' id='word_1_239' title='bbox 408 3653 436 3703; x_wconf 88' lang='lat' dir='ltr'>in</span> <span class='ocrx_word' id='word_1_240' title='bbox 454 3654 546 3720; x_wconf 84' lang='lat' dir='ltr'>quibus</span> <span class='ocrx_word' id='word_1_241' title='bbox 558 3656 690 3708; x_wconf 77' lang='lat' dir='ltr'>duodecim</span> <span class='ocrx_word' id='word_1_242' title='bbox 706 3657 768 3710; x_wconf 83' lang='lat' dir='ltr'>terit</span> <span class='ocrx_word' id='word_1_243' title='bbox 836 3660 897 3708; x_wconf 85' lang='lat'>616.</span> <span class='ocrx_word' id='word_1_244' title='bbox 919 3655 1063 3723; x_wconf 66' lang='lat' dir='ltr'>Cntnoerr‘s.)</span> <span class='ocrx_word' id='word_1_245' title='bbox 1081 3656 1123 3709; x_wconf 85' lang='lat' dir='ltr'>lta</span> <span class='ocrx_word' id='word_1_246' title='bbox 1133 3658 1200 3710; x_wconf 87' lang='lat' dir='ltr'>olim</span> <span class='ocrx_word' id='word_1_247' title='bbox 1209 3661 1347 3720; x_wconf 72' lang='lat' dir='ltr'>dicebatur,</span> 
     </span>
     <span class='ocr_line' id='line_1_37' title="bbox 223 3719 1347 3794; baseline 0.011 -23"><span class='ocrx_word' id='word_1_248' title='bbox 223 3719 286 3780; x_wconf 67' lang='lat' dir='ltr'>sur,</span> <span class='ocrx_word' id='word_1_249' title='bbox 313 3735 462 3783; x_wconf 83' lang='lat' dir='ltr'>percurrere</span> <span class='ocrx_word' id='word_1_250' title='bbox 478 3722 603 3778; x_wconf 81' lang='lat' dir='ltr'>videatur.</span> <span class='ocrx_word' id='word_1_251' title='bbox 647 3724 765 3788; x_wconf 85' lang='lat' dir='ltr'>Deinde,</span> <span class='ocrx_word' id='word_1_252' title='bbox 804 3740 874 3775; x_wconf 89' lang='lat' dir='ltr'>nunc</span> <span class='ocrx_word' id='word_1_253' title='bbox 884 3725 985 3775; x_wconf 79' lang='lat' dir='ltr'>Cancri:</span> <span class='ocrx_word' id='word_1_254' title='bbox 1006 3724 1082 3789; x_wconf 79' lang='lat' dir='ltr'>Apud</span> <span class='ocrx_word' id='word_1_255' title='bbox 1101 3723 1347 3794; x_wconf 59' lang='lat' dir='ltr'>&amp;Cypriauumffl-</span> 
     </span>
     <span class='ocr_line' id='line_1_38' title="bbox 222 3788 1323 3864; baseline 0.008 -24"><span class='ocrx_word' id='word_1_256' title='bbox 222 3804 249 3840; x_wconf 79' lang='lat' dir='ltr'>v.</span> <span class='ocrx_word' id='word_1_257' title='bbox 263 3799 301 3850; x_wconf 81' lang='lat'>13.</span> <span class='ocrx_word' id='word_1_258' title='bbox 323 3788 393 3838; x_wconf 80' lang='lat' dir='ltr'>llum</span> <span class='ocrx_word' id='word_1_259' title='bbox 402 3788 479 3839; x_wconf 71' lang='lat' dir='ltr'>detes</span> <span class='ocrx_word' id='word_1_260' title='bbox 490 3788 567 3841; x_wconf 80' lang='lat' dir='ltr'>Luuae</span> <span class='ocrx_word' id='word_1_261' title='bbox 576 3791 680 3859; x_wconf 89' lang='lat' dir='ltr'>Solique</span> <span class='ocrx_word' id='word_1_262' title='bbox 691 3789 770 3844; x_wconf 83' lang='lat' dir='ltr'>infer·</span> <span class='ocrx_word' id='word_1_263' title='bbox 805 3804 863 3856; x_wconf 77' lang='lat'>234.</span> <span class='ocrx_word' id='word_1_264' title='bbox 878 3795 955 3842; x_wconf 77' lang='lat' dir='ltr'>veluti</span> <span class='ocrx_word' id='word_1_265' title='bbox 963 3792 1182 3857; x_wconf 65' lang='lat' dir='ltr'>Carmelufediae,</span> <span class='ocrx_word' id='word_1_266' title='bbox 1204 3795 1323 3864; x_wconf 72' lang='lat' dir='ltr'>legimus·</span> 
     </span>
     <span class='ocr_line' id='line_1_39' title="bbox 222 3855 1351 3982; baseline 0.01 -76"><span class='ocrx_word' id='word_1_267' title='bbox 222 3857 324 3908; x_wconf 76' lang='lat' dir='ltr'>vieutts</span> <span class='ocrx_word' id='word_1_268' title='bbox 339 3856 498 3912; x_wconf 73' lang='lat' dir='ltr'>introducit,</span> <span class='ocrx_word' id='word_1_269' title='bbox 533 3868 642 3924; x_wconf 82' lang='lat' dir='ltr'>quorum</span> <span class='ocrx_word' id='word_1_270' title='bbox 657 3857 767 3912; x_wconf 70' lang='lat' dir='ltr'>alterni</span> <span class='ocrx_word' id='word_1_271' title='bbox 838 3865 898 3922; x_wconf 80' lang='lat'>635.</span> <span class='ocrx_word' id='word_1_272' title='bbox 918 3860 1098 3925; x_wconf 62' lang='lat' dir='ltr'>utumque</span> <span class='ocrx_word' id='word_1_273' title='bbox 1121 3862 1203 3928; x_wconf 78' lang='lat' dir='ltr'><em>Signa</em></span> <span class='ocrx_word' id='word_1_274' title='bbox 1219 3855 1351 3982; x_wconf 47' lang='lat' dir='ltr'>revisenda</span> 
     </span>
     <span class='ocr_line' id='line_1_40' title="bbox 224 3923 1315 3994; baseline 0.009 -19"><span class='ocrx_word' id='word_1_275' title='bbox 224 3925 321 3976; x_wconf 67' lang='lat' dir='ltr'>eruero</span> <span class='ocrx_word' id='word_1_276' title='bbox 335 3925 363 3974; x_wconf 83' lang='lat' dir='ltr'>ud</span> <span class='ocrx_word' id='word_1_277' title='bbox 375 3923 557 3988; x_wconf 69' lang='lat' dir='ltr'>Capricornum</span> <span class='ocrx_word' id='word_1_278' title='bbox 574 3927 767 3988; x_wconf 79' lang='lat' dir='ltr'>detruduntur,</span> <span class='ocrx_word' id='word_1_279' title='bbox 805 3925 876 3989; x_wconf 79' lang='lat' dir='ltr'>Atii,</span> <span class='ocrx_word' id='word_1_280' title='bbox 896 3937 1042 3980; x_wconf 58' lang='lat' dir='ltr'>sternunt:</span> <span class='ocrx_word' id='word_1_281' title='bbox 1068 3927 1141 3991; x_wconf 89' lang='lat' dir='ltr'>Sed,</span> <span class='ocrx_word' id='word_1_282' title='bbox 1165 3929 1315 3994; x_wconf 76' lang='lat' dir='ltr'>Wseread,</span> 
     </span>
     <span class='ocr_line' id='line_1_41' title="bbox 223 3990 1354 4068; baseline 0.009 -26"><span class='ocrx_word' id='word_1_283' title='bbox 223 3990 495 4066; x_wconf 68' lang='lat' dir='ltr'>alterorll&#39;uuricorno</span> <span class='ocrx_word' id='word_1_284' title='bbox 512 3993 543 4044; x_wconf 83' lang='lat' dir='ltr'>ad</span> <span class='ocrx_word' id='word_1_285' title='bbox 561 3993 688 4048; x_wconf 82' lang='lat' dir='ltr'>Cancrum</span> <span class='ocrx_word' id='word_1_286' title='bbox 706 3996 769 4049; x_wconf 75' lang='lat' dir='ltr'>stato</span> <span class='ocrx_word' id='word_1_287' title='bbox 808 3995 973 4058; x_wconf 59' lang='lat' dir='ltr'>Remurium,</span> <span class='ocrx_word' id='word_1_288' title='bbox 993 3995 1093 4061; x_wconf 82' lang='lat' dir='ltr'>Optimi</span> <span class='ocrx_word' id='word_1_289' title='bbox 1103 3995 1251 4065; x_wconf 75' lang='lat' dir='ltr'>Authoret,</span> <span class='ocrx_word' id='word_1_290' title='bbox 1274 3993 1354 4068; x_wconf 66' lang='lat' dir='ltr'>&amp;lplt</span> 
     </span>
     <span class='ocr_line' id='line_1_42' title="bbox 222 4021 1381 4126; baseline 0.007 -14"><span class='ocrx_word' id='word_1_291' title='bbox 222 4067 339 4122; x_wconf 74' lang='lat' dir='ltr'>tempore</span> <span class='ocrx_word' id='word_1_292' title='bbox 350 4059 528 4112; x_wconf 80' lang='lat' dir='ltr'>lubvelmutur</span> <span class='ocrx_word' id='word_1_293' title='bbox 541 4077 548 4111; x_wconf 90' lang='lat'>:</span> <span class='ocrx_word' id='word_1_294' title='bbox 567 4061 602 4115; x_wconf 77' lang='lat' dir='ltr'>Et</span> <span class='ocrx_word' id='word_1_295' title='bbox 610 4080 642 4116; x_wconf 83' lang='lat' dir='ltr'>ne</span> <span class='ocrx_word' id='word_1_296' title='bbox 652 4063 719 4117; x_wconf 90' lang='lat' dir='ltr'>illud</span> <span class='ocrx_word' id='word_1_297' title='bbox 731 4066 771 4117; x_wconf 90' lang='lat' dir='ltr'>in-</span> <span class='ocrx_word' id='word_1_298' title='bbox 806 4064 946 4126; x_wconf 57' lang='lat' dir='ltr'>mettius,</span> <span class='ocrx_word' id='word_1_299' title='bbox 965 4063 1010 4116; x_wconf 72' lang='lat' dir='ltr'>liu</span> <span class='ocrx_word' id='word_1_300' title='bbox 1020 4062 1047 4116; x_wconf 90' lang='lat'>11</span> <span class='ocrx_word' id='word_1_301' title='bbox 1058 4100 1067 4125; x_wconf 86' lang='lat'><strong>‚</strong></span> <span class='ocrx_word' id='word_1_302' title='bbox 1088 4066 1115 4117; x_wconf 76' lang='lat' dir='ltr'>dt</span> <span class='ocrx_word' id='word_1_303' title='bbox 1125 4063 1174 4118; x_wconf 84' lang='lat' dir='ltr'>VI.</span> <span class='ocrx_word' id='word_1_304' title='bbox 1377 4021 1381 4114; x_wconf 91' lang='lat' dir='ltr'>l</span> 
     </span>
     <span class='ocr_line' id='line_1_43' title="bbox 225 4125 1355 4204; baseline 0.012 -27"><span class='ocrx_word' id='word_1_305' title='bbox 225 4125 347 4177; x_wconf 77' lang='lat' dir='ltr'>credibile</span> <span class='ocrx_word' id='word_1_306' title='bbox 368 4128 503 4204; x_wconf 76' lang='lat' dir='ltr'>rideatur.</span> <span class='ocrx_word' id='word_1_307' title='bbox 523 4129 597 4190; x_wconf 81' lang='lat' dir='ltr'>jubet</span> <span class='ocrx_word' id='word_1_308' title='bbox 616 4131 706 4183; x_wconf 80' lang='lat' dir='ltr'>Nubes</span> <span class='ocrx_word' id='word_1_309' title='bbox 716 4130 770 4198; x_wconf 84' lang='lat' dir='ltr'>spe-</span> <span class='ocrx_word' id='word_1_310' title='bbox 838 4137 898 4196; x_wconf 77' lang='lat'><em>643.</em></span> <span class='ocrx_word' id='word_1_311' title='bbox 919 4131 1140 4198; x_wconf 69' lang='lat' dir='ltr'>Magnorum.)</span> <span class='ocrx_word' id='word_1_312' title='bbox 1160 4132 1355 4192; x_wconf 70' lang='lat' dir='ltr'>StellamnPte</span> 
     </span>
     <span class='ocr_line' id='line_1_44' title="bbox 225 4193 1355 4274; baseline 0.012 -30"><span class='ocrx_word' id='word_1_313' title='bbox 225 4194 292 4245; x_wconf 67' lang='lat' dir='ltr'>(lure</span> <span class='ocrx_word' id='word_1_314' title='bbox 304 4209 365 4259; x_wconf 62' lang='lat' dir='ltr'>qum</span> <span class='ocrx_word' id='word_1_315' title='bbox 385 4195 477 4246; x_wconf 76' lang='lat' dir='ltr'>duurlr</span> <span class='ocrx_word' id='word_1_316' title='bbox 488 4193 566 4248; x_wconf 81' lang='lat' dir='ltr'>Venti</span> <span class='ocrx_word' id='word_1_317' title='bbox 582 4197 610 4250; x_wconf 83' lang='lat' dir='ltr'>in</span> <span class='ocrx_word' id='word_1_318' title='bbox 631 4207 716 4265; x_wconf 71' lang='lat' dir='ltr'>partes</span> <span class='ocrx_word' id='word_1_319' title='bbox 733 4199 771 4252; x_wconf 86' lang='lat' dir='ltr'>di·</span> <span class='ocrx_word' id='word_1_320' title='bbox 806 4198 911 4262; x_wconf 66' lang='lat' dir='ltr'>titides,</span> <span class='ocrx_word' id='word_1_321' title='bbox 932 4200 1086 4263; x_wconf 60' lang='lat' dir='ltr'>&amp;Saturuu¹</span> <span class='ocrx_word' id='word_1_322' title='bbox 1102 4199 1194 4266; x_wconf 79' lang='lat' dir='ltr'>Jovis,</span> <span class='ocrx_word' id='word_1_323' title='bbox 1216 4203 1355 4274; x_wconf 70' lang='lat' dir='ltr'>Martiique</span> 
     </span>
     <span class='ocr_line' id='line_1_45' title="bbox 224 4258 1249 4338; baseline 0.014 -24"><span class='ocrx_word' id='word_1_324' title='bbox 224 4258 483 4328; x_wconf 76' lang='lat' dir='ltr'>verlatpmluuluut.</span> <span class='ocrx_word' id='word_1_325' title='bbox 805 4265 981 4322; x_wconf 68' lang='lat' dir='ltr'>revolutiones</span> <span class='ocrx_word' id='word_1_326' title='bbox 989 4264 1115 4338; x_wconf 74' lang='lat' dir='ltr'>respicere</span> <span class='ocrx_word' id='word_1_327' title='bbox 1125 4270 1249 4330; x_wconf 74' lang='lat' dir='ltr'>videtur.</span> 
     </span>
    </p>
   </div>
   <div class='ocr_carea' id='block_1_5' title="bbox 1376 4393 1381 4564">
    <p class='ocr_par' dir='ltr' id='par_1_33' title="bbox 1376 4393 1381 4564">
     <span class='ocr_line' id='line_1_46' title="bbox 1376 4393 1381 4564; baseline 0 0"><span class='ocrx_word' id='word_1_328' title='bbox 1376 4393 1381 4564; x_wconf 92' lang='lat' dir='ltr'>l</span> 
     </span>
    </p>
   </div>
   <div class='ocr_carea' id='block_1_6' title="bbox 0 0 1582 4967">
    <p class='ocr_par' dir='ltr' id='par_1_34' title="bbox 0 0 1582 4967">
     <span class='ocr_line' id='line_1_47' title="bbox 0 0 1582 4967; baseline 0 0"><span class='ocrx_word' id='word_1_329' title='bbox 0 0 1582 4967; x_wconf 95' lang='lat' dir='ltr'> </span> 
     </span>
    </p>
   </div>
  </div>
 </body>
</html>
