3150 4967
584 438 1075 570 tineasaxeus.
1329 468 1397 548 241

245 613 461 704 Corporibus
482 613 537 690 vis
558 612 634 703 est,
660 613 854 688 &laevibus
876 639 918 685 ex
935 613 1122 702 elementis,

247 707 341 796 Qsae
360 702 458 777 suciis
473 702 705 791 insinuantur,
732 702 947 779 &insinuata
971 723 1106 792 repente

249 792 443 867 Dissolvunt
461 793 571 868 nodos
599 796 750 880 omneis,
771 797 804 867 &
824 795 933 866 vincla
955 794 1113 864 relaxant.
1335 810 1402 885 355

296 887 539 972 Autumnoque
560 886 664 975 magis
686 883 784 956 stellis
803 880 1015 973 ¹fulgentibus
1041 883 1106 953 alta

255 972 454 1046 concutitur
477 975 564 1047 Coeli
585 975 706 1047 domus
724 975 894 1062 undique,
919 991 1053 1060 totaque
1074 970 1220 1054 Telluss
1308 1039 1311 1046 .

255 1059 293 1136 Et
325 1072 403 1134 ciam
436 1081 585 1152 tempora
602 1061 635 1136 se
655 1066 754 1137 Veris
774 1063 925 1136 florentia
947 1062 1106 1150 pandunt

257 1151 306 1225 Fri
332 1176 391 1223 ore
412 1155 502 1224 enim
521 1150 641 1226 desunt
661 1156 783 1244 Ignes,
808 1154 978 1243 Ventique
994 1151 1116 1223 ‘Calore

260 1178 450 1327 Deficiunt,
475 1267 582 1348 neque
602 1241 680 1329 sunt
703 1262 773 1314 tam
794 1239 895 1316 denso
916 1265 1053 1329 corpore
1073 1240 1204 1314 Nubes.
1334 1251 1401 1332 360

254 1330 344 1406 Inter
369 1351 548 1421 utrumque
568 1333 669 1422 igitur
692 1334 771 1404 cnm
795 1333 882 1405 Coeli
905 1349 1053 1419 tempora
1071 1328 1233 1417 cursitant,

256 1421 346 1496 Tum
373 1422 475 1493 variae
496 1418 598 1493 causae
616 1444 817 1495 concurrunt
842 1421 1004 1494 Fulminis
1025 1427 1155 1492 omnes.

255 1507 348 1584 Nam
365 1506 471 1597 fretus
490 1509 556 1600 ipse
580 1514 659 1584 anni
677 1508 849 1599 permiscet
867 1512 1009 1598 Frigus,
1036 1512 1069 1582 82
1089 1508 1235 1585 lEstum:
1301 1537 1306 1544 ¹

256 1602 414 1688 Quorum
431 1616 610 1688 utrumque
628 1626 712 1690 opus
736 1601 784 1675 est
806 1598 995 1672 fabricanda
1026 1599 1068 1671 ad
1085 1600 1241 1674 Fulmina
1260 1596 1373 1681 nobis,

253 1688 301 1762 Ut
322 1685 482 1762 discordia
499 1688 541 1763 sn
559 1715 693 1776 rerum,
718 1716 772 1763 ma
820 1715 905 1778 oque
926 1690 1075 1760 tumultu
1331 1699 1398 1784 365

248 1777 412 1868 Ignibus,
438 1781 611 1852 &Ventis
628 1777 766 1853 furibun
791 1805 830 1853 us
849 1780 989 1853 iluttuet
1011 1780 1083 1849 li'e'r.

249 1865 361 1942 Prima
386 1870 512 1942 Caloris
540 1871 629 1942 enim
649 1895 722 1958 pars
742 1921 754 1957 ,
781 1868 992 1958 &postrema
1010 1866 1157 1957 Rigoris,

248 1957 401 2045 Tempus
424 1958 458 2029 id
481 1958 528 2031 est
541 1960 716 2032 Vernum:
744 1984 845 2048 quare
858 1982 1005 2049 pugnare
1029 1955 1151 2029 necesse
1175 1953 1214 2029 ’st

250 2044 433 2120 Dissimiles
453 2048 540 2130 inter
560 2046 593 2130 se
616 2074 691 2135 res,
716 2049 916 2136 turbareque
940 2046 1059 2119 nriltas.
1417 2112 1418 2115 ,

248 2135 294 2211 Et
318 2138 418 2211 Calor
437 2149 602 2212 extremus
622 2140 731 2228 primo
755 2164 833 2210 cnm
856 2138 990 2227 Frigore
1020 2134 1136 2209 mistus
1333 2161 1398 2231 370

254 2225 446 2313 Volvitur,
469 2229 633 2302 Aummni
652 2228 742 2317 quod
759 2225 864 2301 fertur
884 2227 1021 2299 nomine
1043 2244 1185 2315 tempus.

246 2315 319 2394 Hie
344 2340 476 2405 quoque
499 2318 680 2408 confligunt
698 2319 836 2392 Hiemes
853 2316 1028 2392 lEstntibus
1044 2341 1144 2390 acres.

248 2405 428 2495 Propterea
446 2403 524 2480 sunt
540 2408 611 2480 haec
627 2409 718 2481 Bella
740 2409 820 2479 anni
838 2407 1089 2480 nominitanda:

247 2493 326 2570 Nec
346 2498 468 2568 mirum
488 2496 528 2568 ’st
547 2500 584 2569 in
606 2523 646 2577 eo
666 2496 691 2570 fi
710 2516 861 2585 tempore
879 2497 1019 2584 plurima
1038 2494 1128 2567 fiunt

249 2584 430 2666 Fulmina,
455 2585 690 2675 tempestasque
711 2584 817 2658 cicius
842 2586 975 2658 turbida
995 2586 1091 2671 coelo,
1331 2603 1397 2675 375

248 2675 396 2765 Ancipiti
417 2676 576 2766 quoniam
598 2676 686 2749 bello
711 2676 867 2751 turbatur
886 2676 1054 2763 utrinque,
1303 2763 1353 2838 Hi

1354 2788 1398 2837 nc

248 3050 303 3108 sm
321 3067 364 3107 res
382 3051 463 3176 Flam
489 3051 547 3117 est,
580 3070 664 3124 neque
691 3052 805 3111 monuis-
836 3054 872 3109 ibi
901 3052 997 3108 srsastrr
1023 3053 1139 3123 requiras
1165 3052 1276 3121 Ignems
1297 3052 1395 3108 nimius

246 3119 325 3186 sem,
354 3122 380 3175 ni
421 3120 623 3178 adolescentibus
645 3124 676 3179 ab
699 3125 804 3180 llutori-
836 3132 923 3178 autem
933 3122 1010 3177 Calor
1018 3140 1070 3177 non
1089 3124 1187 3191 patitur
1206 3131 1237 3176 nt
1255 3119 1395 3177 densentur

247 3197 304 3245 tate
330 3190 397 3245 dostl
422 3191 542 3245 Hominis
560 3193 707 3261 periculum
730 3192 800 3249 ellet.
838 3193 937 3248 Nubes.
978 3191 1012 3245 At
1029 3193 1057 3244 in
1078 3190 1182 3244 Vere&
1202 3191 1334 3243 Autumno
1346 3191 1394 3243 Ca-

248 3258 339 3315 Faber.
825 3263 877 3316 lor
894 3278 954 3315 cum
966 3260 1074 3327 Frigore
1093 3255 1233 3321 miscetur,
1255 3258 1319 3311 Inde
1337 3259 1395 3312 Nu·

287 3333 346 3393 356.
371 3326 538 3397 Autumnoque
562 3332 640 3397 mm&
653 3328 729 3395 stellet
744 3330 803 3395 ful·
837 3331 900 3396 bes,
920 3330 1020 3393 Venti,
1047 3328 1149 3395 Ignis,
1178 3324 1313 3381 Tumulus
1337 3334 1394 3380 tan-

244 3396 361 3465 gestibus
377 3398 448 3462 atta,
469 3395 544 3465 acc.)
570 3397 606 3452 Le
625 3437 632 3451 .
656 3399 735 3452 Seeuu
745 3399 804 3462 ful-
837 3399 932 3454 demin
951 3400 1032 3460 Aere,
1053 3393 1173 3465 &quibus
1184 3393 1311 3460 Tonitru,
1329 3394 1394 3451 Ful-

242 3464 361 3534 gentibm
372 3474 443 3534 apta:
462 3465 505 3521 vel
517 3483 576 3521 cum
617 3468 675 3520 abre
692 3465 706 3535 (
715 3483 803 3535 quam·
837 3484 904 3537 gur,
924 3466 1045 3522 Fulmen.

246 3533 292 3588 vis
312 3529 359 3588 illa
376 3531 464 3590 tenio
480 3552 533 3589 non
552 3534 584 3589 fit
607 3534 670 3589 aleb
693 3533 803 3589 necessa-
872 3542 930 3603 363.
963 3538 1033 3589 Nam
1042 3534 1129 3598 fretra
1148 3532 1197 3601 ipse
1219 3528 1318 3600 Arreti.)
1352 3531 1394 3595 lta

246 3599 315 3669 ria)
337 3603 401 3658 Telis
409 3604 585 3670 fleigentibm,
614 3604 641 3657 id
659 3604 711 3667 est,
740 3604 803 3659 Fid,
837 3612 913 3659 vocat
928 3622 969 3659 eas
992 3600 1154 3670 tempestates
1171 3618 1225 3670 quae
1245 3597 1340 3671 Frigus
1364 3603 1392 3658 ta

245 3673 331 3724 mine:
349 3687 376 3725 v.
387 3687 428 3726 22.
449 3672 596 3741 Inquisitur
611 3690 657 3727 cur
669 3673 802 3729 Autumno
837 3673 955 3728 Calorem
973 3669 1145 3737 interjacent,
1161 3678 1191 3725 ut
1203 3670 1311 3725 Fretum
1325 3672 1393 3724 divi-

247 3741 277 3795 &
298 3737 367 3794 Vere
379 3739 542 3809 Frequentius
562 3740 640 3812 quim
653 3742 754 3812 Hyeme
775 3745 801 3798 Fe
837 3743 898 3797 dens
918 3744 980 3797 eluas
1000 3741 1179 3795 continentes:
1200 3740 1326 3794 Dicebant
1345 3756 1392 3795 au·

246 3805 348 3863 unaue
363 3805 455 3877 (quod
474 3811 578 3880 quidem
600 3812 631 3867 de
651 3809 801 3881 quibusdam
836 3819 888 3867 tem
908 3810 1015 3866 Veteres
1025 3811 1129 3874 Fretue,
1150 3811 1175 3864 Fr
1196 3810 1303 3862 Fretum.
1342 3807 1391 3861 Fa-

245 3876 332 3931 Italite
347 3878 496 3947 regionibns
510 3879 731 3949 intelligendum)
749 3879 803 3935 ful-
835 3881 887 3936 ber.
927 3880 1043 3943 Seneca,
1064 3878 1124 3933 Nat.
1143 3877 1234 3943 Quali.
1259 3875 1315 3929 Lib.
1327 3874 1387 3929 Vll.

245 3945 358 4000 minet?
388 3947 474 4014 Quia,
491 3950 544 4003 viz.
564 3948 624 4003 cum
644 3948 756 4004 Fulmen
770 3948 802 4005 fit
836 3950 897 4018 Cap.
912 3959 953 4009 28.
991 3947 1170 4017 AEquinossium
1181 3950 1206 3997 in
1218 3947 1322 3997 Calorem
1331 3945 1392 3999 Fri-

244 4011 335 4096 Igneae
349 4023 465 4081 nature,
483 4026 560 4086 atque
578 4016 591 4070 l
612 4016 730 4073 denlibus
752 4036 802 4072 nn·
833 4020 922 4088 gusque
925 4017 1044 4084 stelionis
1060 4017 1127 4069 Anni
1126 4016 1156 4083 st
1169 4034 1235 4067 num.

243 4081 325 4164 bibus
345 4087 484 4153 erumpit,
511 4096 569 4141 tum
595 4087 718 4141 Fulmina
735 4084 802 4142 sunt
871 4094 929 4153 376.
949 4075 1061 4155 v‘sincipiti
1079 4035 1169 4153 bello&
1199 4083 1266 4136 Vere
1293 4083 1319 4137 Fe
1336 4082 1389 4138 Au-

242 4167 362 4207 maxrme
388 4156 563 4221 expettamla,
591 4158 692 4224 quando
719 4156 802 4210 calida
835 4165 928 4211 tumno
948 4155 1024 4210 Calor
1044 4158 1070 4211 n
1096 4155 1191 4220 Frigus
1209 4154 1388 4214 contendente

243 4219 284 4275 est
300 4219 462 4289 Tempestas,
482 4226 509 4280 ac
526 4225 641 4292 Frigoris
656 4243 707 4279 non
719 4227 803 4278 omni·
836 4224 933 4280 lEitate
958 4224 1062 4291 Calor,
1097 4223 1200 4293 Hyeme
1231 4220 1325 4290 Frigus
1346 4223 1391 4276 ‹lo-

242 4305 280 4344 no
307 4306 423 4359 expers,
451 4309 512 4347 nam
532 4293 585 4360 ubi,
601 4294 691 4350 nullus
714 4294 800 4361 Calor,
835 4295 958 4350 mittetur.
1017 4351 1020 4355 ,

889 4374 948 4444 ue
