3150 4967
313 494 538 636 arura
583 459 832 581 saurus.

240 664 459 755 agitatione,
483 690 521 738 ac
541 665 697 755 plumbea
716 663 799 754 saepe

240 758 331 860 {lans
351 758 387 860 in
408 752 525 841 cursu,
550 756 746 861 crimmuita
771 755 890 859 rigoris

240 865 354 917 uttens
373 867 485 932 ignem
506 864 656 931 concep1t
674 866 833 938 mauris.
1070 913 1071 918 ,

244 961 282 1019 e,
308 952 346 1005 uc
369 931 467 1020 ipiius
486 934 592 1022 Piagae
611 934 662 1003 vis
684 935 803 1006 excitet
821 935 957 1024 ignem,

260 1023 365 1093 Venti
383 1022 510 1110 pepulit
529 1025 580 1093 vis
601 1019 690 1093 missa
707 1020 775 1094 fine
798 1024 891 1112 igni:

240 1113 283 1182 ria
306 1114 382 1183 cum
404 1110 593 1188 vehementi
612 1113 749 1197 perculit
768 1113 857 1199 icio,

240 1228 254 1271 r
272 1198 493 1288 ipsopoiiunt
521 1201 682 1271 elementa
700 1203 866 1289 Vaporis;

254 1291 327 1371 illa,
352 1315 425 1377 quac
445 1307 519 1359 tum
536 1314 588 1361 res
611 1292 731 1377 excipit
751 1292 877 1378 iCtum,

242 1377 328 1450 ferro
356 1381 432 1449 cum
450 1379 628 1465 caedimus,
654 1382 762 1451 evolat
780 1383 893 1469 Ignis:
997 1446 999 1455 .

240 1469 335 1557 figida
353 1470 404 1539 vis
423 1466 579 1548 suferri,
604 1467 669 1539 hoc
685 1466 788 1539 secius
810 1470 866 1540 iila

240 1579 374 1629 currunt
393 1557 487 1627 calidi
510 1554 648 1645 fulgoris
668 1557 710 1627 ad
739 1559 863 1629 icium:

240 1671 336 1733 ioque
350 1671 402 1716 res
420 1647 551 1718 accendi
572 1648 724 1719 Fulmina
743 1645 867 1734 debet,

240 1734 299 1806 fuir
318 1732 349 1805 sa
362 1732 468 1821 forte,
494 1739 526 1807 ἃ
544 1735 661 1808 idonea
679 1735 831 1807 flammis.

254 1825 393 1895 omnino
415 1824 511 1911 piane
530 1826 581 1897 vis
600 1824 717 1913 frigida
734 1826 838 1896 Venti

261 1923 302 1984 e'x
322 1937 389 2001 quo
407 1931 499 1985 tanta
516 1915 552 1983 vi
571 1912 709 1985 immissa
730 1911 931 2001 superne’st:
1031 1971 1037 1981 a

252 1999 402 2074 incursu
423 2001 449 2073 s1
469 2027 539 2074 non
555 2006 743 2074 accenditur
762 2004 855 2093 igni,

257 2110 368 2163 tamen
386 2093 498 2163 veniat
517 2091 686 2163 commista
704 2094 821 2164 calore.
873 2106 875 2111 '

251 2178 423 2252 autem-fit
441 2182 624 2267 Fulminis)
652 2184 815 2271 &gravis
837 2182 945 2273 iiiuc,

240 2295 299 2341 me
317 2288 458 2358 pergunt
477 2268 521 2341 fic
541 2271 691 2342 Fulmina
713 2267 822 2359 lapsu:

240 2359 271 2434 sa
293 2363 384 2447 quod
405 2362 542 2431 omnino
561 2361 650 2449 prius
672 2361 771 2432 incita
789 2357 823 2432 se
847 2361 910 2435 Vis

240 2477 246 2521 :
265 2473 425 2537 magnum
444 2474 605 2521 conamen
623 2446 726 2526 sumit
746 2449 857 2522 eundi
1088 2468 1154 2543 325

996 2595 998 2600 -
1044 2541 1150 2656 Inde?

242 2828 329 2896 rigon}
349 2841 453 2899 corpora.
468 2825 484 2899 )
502 2826 687 2889 Mul-iNubis
709 2828 791 2885 ntem
814 2835 965 2897 pertenue,
1002 2831 1154 2899 exitumque

242 2914 302 2950 ora:
320 2898 406 2965 infra,
425 2915 452 2951 v.
470 2908 534 2965 387,
548 2901 573 2953 &
603 2901 712 2966 quatit,
733 2902 841 2967 ideoque
855 2898 914 2952 cum
926 2901 1083 2967 perruperit,
1101 2916 1154 2953 ma·

247 2980 307 3030 745.
603 2985 654 3035 gno
679 2984 737 3021 cum
757 2969 857 3035 impetn
875 2966 961 3021 evolet
980 2963 1077 3022 neceise
1099 2967 1153 3029 esta

242 3053 299 3100 oque
328 3045 355 3087 ur
377 3035 468 3104 iffae,
498 3033 571 3101 Sec.)
603 3053 630 3090 v.
641 3049 668 3100 7.
708 3036 777 3089 udde
795 3034 862 3103 quod
880 3034 894 3089 ἐ
909 3037 1018 3091 minutis
1036 3038 1062 3092 n
1079 3036 1156 3090 'laeui-

240 3115 276 3167 14.
300 3103 400 3158 Ventus
417 3105 444 3156 in
457 3120 511 3157 rem
529 3103 576 3156 ali·
604 3105 651 3158 bus
677 3101 817 3158 seminibus
838 3104 953 3167 constat,
983 3105 1091 3173 ideoque
1108 3121 1155 3171 per

241 3180 276 3234 t,
312 3174 343 3225 ad
370 3174 450 3226 icium
470 3173 524 3226 'tam
543 3190 574 3225 ex
605 3177 694 3227 inanes
718 3181 819 3227 meatus
839 3176 912 3225 Aeris
937 3170 1051 3232 tranfitr
1086 3188 1113 3227 v.
1128 3185 1153 3238 ς.

240 3252 273 3292 ex
297 3256 325 3294 re
342 3239 457 3308 perculsa
473 3241 575 3294 Semina
605 3242 653 3295 His
672 3239 798 3308 subjunge
808 3240 880 3293 illius
890 3242 1065 3308 gravitatem,
1087 3257 1156 3294 eam·

240 3316 263 3361 t:
294 3308 357 3362 Inde
374 3309 473 3362 Ventus
488 3325 575 3361 accen·
605 3328 655 3377 que
684 3310 737 3363 iciu
751 3305 875 3361 maxime
903 3308 1056 3371 adaustom,
1087 3325 1112 3361 u.
1129 3322 1153 3373 5.

240 3375 359 3431 iuimen:
382 3378 475 3429 Talem
490 3387 575 3429 autem
605 3379 734 3443 Domum,
754 3396 780 3433 v.
795 3385 818 3436 Β.
842 3375 913 3430 Adde
936 3374 1005 3443 quod
1024 3372 1153 3445 iion'gin-

240 3464 243 3494 :
264 3447 414 3499 confluxnm
434 3444 491 3497 fieri
509 3443 576 3511 poiie
605 3464 656 3514 quo
670 3449 755 3511 cadit,
785 3447 893 3513 ideoque
910 3444 998 3512 plures
1010 3444 1155 3499 'celeritatio

240 3515 277 3565 rri
293 3513 415 3567 &Silicis
423 3512 575 3566 confliiius:
606 3519 699 3583 gradus
727 3524 858 3569 momento
885 3513 1001 3582 quolibet
1022 3514 1153 3581 acquirit,
1200 3524 1202 3530 ’

240 3582 319 3645 rjiciat
334 3582 448 3636 Ventum
467 3579 515 3634 eise
531 3580 575 3632 fri-
606 3582 689 3635 forsan
701 3586 778 3638 etiam
796 3584 826 3636 ab
843 3580 895 3650 ipio
915 3582 979 3635 Aere
996 3585 1154 3649 adjuvatur:

240 3652 250 3703 i
267 3659 353 3705 autem
372 3646 478 3703 minime
489 3665 578 3703 conce-
607 3652 641 3705 Et
659 3653 722 3719 quid
744 3655 840 3709 mirum
860 3650 878 3703 fi
895 3650 995 3718 Corpus
1012 3668 1091 3720 grave
1102 3668 1157 3704 ma-

246 3727 332 3772 ·motu
352 3728 405 3772 tam
421 3720 518 3786 pernici
528 3717 579 3772 fer·
606 3736 657 3789 gna
681 3720 740 3773 cum
762 3723 789 3776 vi
815 3735 887 3774 erum
906 3737 969 3783 em,
1001 3723 1027 3775 &
1046 3719 1078 3773 ab
1096 3719 1155 3773 aiiis

240 3787 295 3839 uim
311 3797 402 3841 canna
422 3800 474 3840 non
493 3786 578 3841 minue
607 3789 763 3856 Corporibus
786 3796 877 3855 proteu
888 3806 934 3842 um
952 3789 1050 3858 Magna
1066 3788 1158 3842 celeri·

258 3854 338 3919 Ferro
368 3856 483 3925 percuiio
503 3856 579 3923 Ignes
606 3859 765 3961 tatevcadan
786 3860 813 3912 ἃ
829 3860 944 3926 graviter
960 3857 1084 3926 percellat
1101 3872 1157 3910 om-

608 3943 667 3979 ma.

240 3994 280 4046 'us
296 4002 375 4046 aurun
392 3994 427 4059 fii
441 3992 579 4057 furmina,
643 4007 701 4061 325.
724 3995 842 4061 Conligit,
863 3993 898 4056 85
910 4010 1023 4061 magnum
1030 3994 1109 4056 firnaii
1118 4010 1157 4045 co·
1172 4017 1175 4022 ·

240 4063 284 4115 itae
301 4065 327 4116 δι
346 4060 581 4115 vehementiffimus
606 4080 691 4115 nemen
704 4064 806 4129 eundi.)
827 4059 944 4131 Memph.
955 4062 987 4114 ab
1001 4063 1033 4115 iis
1044 4059 1097 4115 sum
1118 4068 1154 4126 tn.

241 4127 380 4197 sesupra
400 4127 487 4196 pofitis
507 4128 582 4182 facili
608 4132 653 4199 qui
666 4130 780 4184 collecicis
791 4132 896 4192 uiribus
910 4135 936 4185 δι
954 4128 1079 4199 spiritus
1102 4131 1157 4185 ead
1185 4194 1187 4199 y

240 4196 275 4258 sta
294 4198 362 4252 Nam
382 4198 482 4252 Ventus
501 4197 584 4251 Nubi-
609 4196 740 4256 cursuram
756 4207 858 4269 parant.
877 4199 964 4265 Fabia,

240 4263 322 4327 iemix
339 4270 366 4323 ἃ
383 4265 478 4333 Fervet,
498 4268 585 4322 onnia
782 4282 785 4291 ·
806 4266 832 4323 Y
854 4283 871 4322 e
