3150 4967
450 428 633 517 LIBER
680 432 981 556 QUINTUS.v
1127 505 1128 509 ι
1204 457 1277 539 287

242 622 341 674 uram
362 603 397 673 in
417 622 543 691 purtem
562 603 678 701 filum,
704 608 780 678 crim
802 608 933 696 longius
953 604 1110 700 abling>

251 696 346 779 licet,
371 695 528 781 perquem
546 697 691 781 pauxillo
715 694 801 783 polle
819 700 966 772 minores
1210 722 1277 792 590

257 784 311 853 vel
331 785 449 869 exigua
466 785 606 873 majores
628 803 744 870 parte,
770 786 941 873 brevique.
1083 800 1084 803 ’

242 873 268 942 .d
288 874 369 943 item
385 897 456 942 non
474 873 521 943 est
537 875 746 960 mimndum‚
771 897 839 961 qua'
855 878 981 948 ratione

242 964 304 1032 ilus
325 964 379 1031 ille
400 980 498 1047 queat
519 981 648 1034 tantum
670 966 725 1036 Sol
745 967 875 1035 mittere
895 968 1031 1052 lumen,

263 1052 386 1135 maria,
411 1070 566 1123 octenas
586 1055 713 1124 omneis
737 1056 923 1142 coelumque
944 1055 1082 1144 rigando

242 1143 333 1226 leot,
359 1145 391 1211 ἃ
418 1142 521 1211 calido
542 1140 715 1227 perfundat
732 1148 849 1215 cuntur
871 1169 1002 1231 vapore.
1207 1168 1273 1241 595

254 1232 330 1300 licet
350 1228 428 1300 hinc
447 1232 569 1301 Mundi
588 1229 787 1317 patefactum
804 1233 905 1304 totius
928 1258 1034 1308 unum
1241 1248 1243 1257 '

242 1319 338 1390 luum
362 1317 490 1390 fontem
509 1318 650 1405 scatere,
675 1341 772 1408 atque
792 1347 962 1410 erumpere
982 1325 1106 1397 flumen

242 1410 301 1479 nui
321 1410 475 1494 Mundo,
501 1412 569 1497 quo
590 1408 633 1480 fic
648 1411 818 1482 Elementa
831 1416 961 1499 vaporis

242 1524 295 1584 pue
314 1500 539 1584 conveniunt,
567 1502 597 1569 8ι
621 1497 664 1569 fic
688 1502 855 1588 conjeClus
879 1513 995 1574 eorum

242 1591 303 1673 iit,
328 1614 370 1657 ex
389 1613 458 1659 uno
482 1591 586 1675 capite
605 1586 661 1659 hic
677 1609 717 1660 ut
738 1590 878 1678 profluat
900 1595 1016 1673 ardori
1202 1605 1270 1669 600

245 1702 262 1747 e
285 1677 376 1748 vides
397 1680 516 1763 etiam,
541 1679 641 1765 quim
663 1680 725 1750 late
744 1703 863 1766 parvus
890 1694 986 1767 aquai

247 1767 331 1855 riget
351 1768 439 1837 Fons
459 1769 646 1853 interdum,
673 1767 854 1855 campisque
874 1770 1060 1853 redundet?

242 1857 304 1926 iam
326 1858 477 1943 quoque,
503 1859 553 1928 uti
575 1882 646 1928 non
668 1881 788 1944 magno
810 1859 893 1929 Solis
914 1860 954 1927 ab
973 1860 1042 1947 igni

242 1946 391 2032 percipiat
411 1946 521 2018 calidis
543 1947 729 2017 fervoribus
747 1946 853 2017 ardor.

242 2053 353 2105 :tunus
373 2033 497 2106 ita’stfi
521 2033 626 2120 forte,
653 2041 684 2105 &
704 2038 843 2107 idoneus
863 2038 949 2117 Aer,
1013 2078 1016 2088 ·
1197 2051 1265 2131 605

244 2143 295 2194 eat
314 2126 444 2194 accendi
458 2126 567 2212 parvis
587 2126 760 2197 ardoribus
783 2127 885 2197 ictus:

252 2235 355 2300 genus
379 2215 546 2285 interdum
566 2214 687 2302 segetes
710 2215 924 2302 stipulamque
954 2214 1104 2288 videmus

242 2327 281 2372 :re
301 2328 342 2372 ex
363 2324 431 2373 una
452 2301 589 2374 scintilla
614 2305 764 2375 incendia
785 2301 924 2391 pallini,

242 2417 277 2461 m
297 2395 329 2462 &
346 2390 435 2462 rosea
454 2395 510 2467 sol
530 2394 592 2463 ulte
612 2395 759 2481 lampade
780 2394 892 2463 lucens

242 2501 292 2552 eat
312 2484 458 2552 multum
478 2485 569 2553 coecis
591 2480 778 2553 fervoribus
800 2484 911 2569 ignem

242 2596 264 2640 n
288 2568 339 2655 se,
364 2573 457 2642 nullo
474 2575 530 2658 qui
553 2570 593 2642 lit
611 2570 739 2659 fulgore
761 2589 917 2662 notatus,

242 2684 313 2731 rum
331 2679 369 2729 ut
386 2663 515 2731 tantum
538 2664 704 2732 radiorum
723 2681 881 2754 exaugeat
896 2662 1011 2731 illum.

242 2752 345 2820 oratio
367 2752 449 2822 Solis
472 2749 632 2840 simplex,
658 2777 719 2822 nec
743 2772 830 2822 certo
850 2746 1008 2849 putescit,

870 2951 884 3027 l
1179 2857 1261 2947 Qio

242 3037 371 3096 Illuditem
388 3038 492 3107 nonnil,
512 3037 587 3111 See.)
623 3038 673 3097 Sed
708 3057 777 3105 men,
796 3036 899 3096 fortasse
925 3040 1036 3098 melius:
1066 3041 1258 3101 Arusdesons

242 3111 270 3164 le
282 3113 356 3165 Calor
369 3112 504 3166 &Lumen
514 3129 560 3178 per
569 3113 674 3165 univer·
709 3112 828 3174 Lumine,
849 3112 947 3181 dequo,
968 3129 993 3163 v.
1007 3122 1064 3178 593.
1084 3113 1255 3176 objectionem

243 3179 317 3247 requi
329 3188 416 3247 patet,
436 3179 671 3233 AEthemiliffulum
710 3182 841 3242 instituit,
862 3180 927 3231 nihil
944 3178 1032 3233 dixille
1042 3182 1168 3234 videatur.

242 3267 250 3302 )
266 3250 291 3302 ἃ
306 3248 374 3316 quasi
386 3245 471 3316 pedali
482 3249 542 3303 Sole
554 3265 671 3303 emanare
743 3255 802 3314 604.
824 3249 980 3314 Percipiat.)
1002 3248 1044 3300 Sic
1053 3248 1097 3299 lib.
1107 3248 1153 3302 1v.

242 3315 258 3371 ’e
277 3318 402 3372 videatur.
438 3317 509 3371 Huic
525 3315 671 3370 difficultati
759 3318 844 3386 Quum
867 3334 919 3384 que
929 3317 1075 3382 percipiunt
1093 3317 1195 3383 Oculos,
1213 3318 1256 3371 vi·

242 3388 303 3439 aciat
314 3388 455 3450 Lucretius,
475 3388 566 3451 docet,
585 3403 611 3436 v.
627 3400 667 3438 11.
801 3385 903 3453 sumque
912 3381 1029 3453 lnceffunt.

242 3456 321 3522 incipi
341 3454 408 3522 polle
419 3463 450 3508 ut
468 3453 568 3509 fontem
579 3470 669 3521 peren·
743 3460 803 3512 608.
821 3453 968 3521 Accipere.)
986 3453 1029 3506 Sic
1036 3452 1082 3507 lib.
1094 3452 1140 3507 vl.
1151 3469 1176 3506 v.
1191 3466 1235 3519 40.

242 3524 269 3576 eis
280 3524 414 3577 &caloris
429 3562 438 3586 ,
459 3522 526 3591 quod
548 3526 574 3575 in
588 3520 669 3589 ipsum
758 3522 949 3592 —f-nriilior
956 3522 1061 3591 ponofi
1076 3524 1147 3577 nubes
1163 3523 1257 3591 accipit
1327 3582 1330 3585 ,

242 3593 327 3647 londo
339 3592 443 3646 Semina
452 3592 670 3646 Lucis&Caloris
807 3590 901 3657 Ignem.

243 3666 393 3729 ttauquam
411 3662 439 3713 in
462 3660 667 3728 Scaturiginem,
709 3657 944 3721 Gifrniusltamem
964 3657 1103 3711 Aremtlere.
1283 3712 1285 3714 .

242 3746 259 3781 u
270 3730 349 3783 tinius
358 3730 435 3793 Solis,
446 3726 487 3782 sed
499 3731 578 3783 totius
589 3730 670 3783 Mun-
740 3733 801 3794 613.
822 3731 877 3781 Nec
889 3732 951 3780 ratio
960 3729 1030 3791 Solu,
1045 3726 1111 3792 ἂι.)
1131 3722 1256 3781 Αιιιιιιιιιιι

242 3798 415 3853 recentem
423 3796 569 3851 sentiamus.
590 3797 669 3851 Dein·
708 3796 793 3860 Solis,
824 3799 850 3851 ἃ
869 3796 1031 3851 Menstruum
1054 3800 1132 3847 Lunae
1152 3793 1255 3849 cursum

242 3868 311 3934 igit,
331 3880 357 3921 v.
374 3881 413 3921 ιο.
434 3864 502 3920 forte
518 3869 610 3920 Aerem
629 3867 669 3918 vi·
708 3882 753 3932 per
766 3866 900 3920 duodecim
910 3866 989 3935 Signa
1009 3863 1256 3943 Zodiacinutexpli·

242 3936 271 3987 ili
282 3936 370 3989 abillo
381 3937 501 3999 accendi,
521 3936 668 4003 multasque
708 3942 765 3998 cet,
784 3934 887 4001 primii,
915 3952 939 3988 v.
955 3947 995 4000 ις.
1016 3939 1137 3999 proponit
1155 3928 1257 3986 lenten-

242 4005 361 4059 articulus
374 4005 447 4058 nobis
465 4006 568 4071 quidem
578 4006 667 4057 incon·
707 4004 770 4056 tiam
781 4002 939 4064 Democriti,
960 4002 1002 4069 qui
1023 4001 1110 4054 docuit
1131 4000 1254 4054 inferiora

243 4074 298 4125 irca
315 4073 401 4127 Solem
414 4070 482 4137 else,
503 4075 529 4127 ἃ
540 4073 667 4127 imletan·
707 4071 797 4124 Sidera
814 4070 935 4125 &summo
953 4069 1022 4123 Coelo
1033 4071 1089 4135 rapi
1107 4072 1133 4123 ἃ
1145 4071 1257 4124 circum-

242 4141 492 4211 ·,Lumeuquetam
506 4139 582 4209 longe
595 4145 621 4197 &
631 4143 668 4195 la-
705 4138 787 4203 ferri‚
808 4140 917 4195 celerius
934 4137 1087 4193 autrannus
1098 4154 1144 4204 pto
1158 4148 1214 4192 tata
1225 4156 1257 4192 u-

242 4210 295 4263 um.
707 4210 894 4277 uiuscujusque
904 4204 1133 4263 Siderislsnmmo
1143 4206 1189 4259 isto
1198 4207 1254 4259 θα.

242 4276 499 4352 impensionem)
526 4277 596 4346 Aut,
616 4277 668 4334 Lu·
705 4276 871 4342 loduicum.
907 4277 951 4332 Sol
961 4276 1041 4347 igitur
1052 4273 1162 4332 celerius
1177 4272 1256 4399 iulg

1202 4360 1219 4399 u
