3150 4967
467 453 649 538 LIBER
692 454 950 538 SEXTUS.
1211 478 1287 559 357

242 618 318 711 ille,
344 645 453 711 neque
472 623 491 693 i
511 623 631 696 morbo
653 673 667 711 ,
691 647 799 712 neque
819 619 905 697 forte
927 648 1084 698 venenot

242 740 266 785 n
285 713 411 801 aliquid
433 738 551 800 genere
571 711 631 785 eli'e
652 738 694 785 ex
718 711 813 801 hoc,
839 714 930 801 quod
951 716 1080 787 Concio
1100 717 1200 808 dicat,
1219 742 1286 811 710

242 830 297 875 rs:
328 804 411 875 Item
435 805 471 874 in
487 804 601 875 multis
619 802 684 874 hoc
708 804 809 874 rebus
834 804 942 876 dicere
962 804 1136 883 habemus.

249 917 288 964 us
310 894 346 963 in
367 891 469 964 aestati
492 890 625 978 crescit,
651 888 837 982 campisque
858 895 1022 969 redundat
1176 897 1193 965 l

242 1008 266 1054 rs
287 984 323 1053 in
342 983 436 1055 terris
462 983 594 1071 AEgypti
613 984 717 1075 totius
736 984 854 1054 amnis.

242 1090 277 1143 at
297 1069 477 1160 AEgyptum
499 1073 648 1144 medium
669 1097 727 1160 per
748 1070 832 1160 laepe
852 1074 1009 1162 calorem,

242 1162 302 1247 uia
322 1160 400 1233 sunt
424 1159 533 1233 aestate
556 1163 734 1249 Aquilones
767 1161 849 1233 ostiu
867 1181 984 1234 contra
1217 1181 1285 1258 715

255 1270 402 1340 tempore
427 1275 497 1337 eo,
527 1274 594 1338 quo
619 1249 724 1323 Etelin
740 1250 841 1322 flabra
862 1250 1038 1325 ferunture

244 1360 318 1411 ntra
339 1338 481 1411 fluvium
505 1340 621 1412 flantes
643 1358 875 1423 remorantur,
916 1344 948 1414 &
973 1342 1078 1417 undae

242 1448 303 1501 rtes
336 1427 444 1501 sursus
463 1431 592 1517 replent
615 1481 627 1518 ,
653 1451 848 1520 coguntque
872 1455 1016 1503 manere.

245 1519 348 1592 dubio
372 1521 488 1607 procul
511 1518 583 1591 haec
600 1519 736 1591 adverso
757 1520 859 1591 flabra
878 1518 1031 1596 feruntur

244 1611 321 1695 ine,
347 1634 421 1771 iuae
442 1610 556 1698 gelidis
572 1611 590 1680 i
609 1610 707 1681 stellis
729 1611 809 1682 Axis
830 1629 985 1699 aguntur.
1216 1632 1283 1702 720

242 1725 257 1770 r
280 1701 347 1771 aesti
362 1725 416 1772 era
438 1700 523 1787 parti
545 1700 638 1771 venit
657 1701 763 1772 amnis
784 1699 826 1771 ab
851 1699 971 1773 Austro

248 1790 341 1879 nigra
361 1793 495 1876 virum,
520 1794 734 1878 perconaque
752 1786 844 1861 saecla
858 1791 976 1878 calore,

242 1904 300 1951 ens
328 1881 459 1967 penitius
488 1880 596 1952 media
613 1881 656 1952 ab
681 1880 814 1967 regione
838 1879 912 1950 diei.

264 1993 418 2057 quoque,
443 1971 493 2041 uti
510 1967 607 2057 pollrt
627 1994 766 2057 magnus
791 1966 962 2057 congestus
981 1991 1089 2043 urenae

242 2059 311 2133 lbus
335 2056 478 2133 adversis
502 2060 645 2149 oppilare
668 2057 749 2131 estin
772 2077 900 2145 contra,
1214 2080 1281 2153 725

1191 2240 1281 2315 Cirm

242 2525 314 2591 tius,
342 2523 419 2595 quim
443 2526 537 2583 A'e‘rern
559 2541 593 2582 ex
616 2528 689 2609 omni
702 2523 710 2620 Ι
723 2522 801 2590 Hisce
818 2521 898 2608 oaufis
909 2524 972 2581 eluas
983 2523 1046 2581 eliae
1058 2527 1198 2607 conjunge,
1208 2543 1278 2610 nem·

242 2594 403 2650 lFlammam
417 2611 513 2663 ruere,
533 2604 610 2665 atque
628 2598 687 2651 mdc
701 2626 708 2725 Ι
724 2612 756 2663 pe
780 2593 902 2660 Plnvras,
923 2612 979 2664 qnae
989 2596 1020 2649 ad
1036 2593 1121 2652 fontes
1138 2594 1196 2649 err
1212 2597 1281 2651 decu

242 2665 391 2731 rgenerari.
722 2664 804 2727 dunt,
825 2680 843 2716 v
864 2670 890 2718 6.
920 2666 947 2719 lie
963 2665 1063 2726 Nives,
1094 2665 1120 2717 ν’.
1136 2678 1160 2733 3.
1183 2664 1279 2720 resolu-

254 2731 364 2798 Concio.)
390 2732 482 2787 Turba
492 2730 636 2787 Hominum
647 2734 690 2788 ad·
717 2740 765 2785 tas.
803 2732 871 2786 Nam
887 2735 1007 2788 omnibns
1027 2731 1094 2788 hilee
1113 2730 1195 2787 caufis
1216 2751 1280 2788 eon·

242 2817 268 2853 n.
307 2800 379 2865 Alii,
397 2802 471 2869 Quod
487 2804 588 2869 contigit
603 2803 644 2867 eij.
679 2805 683 2813 '
716 2796 874 2865 spirantibus
892 2802 990 2869 Nilus,
1018 2811 1064 2857 aut
1084 2801 1195 2873 quilibet
1210 2803 1278 2859 alius

252 2871 333 2923 Num
349 2873 375 2921 in
392 2870 484 2936 AEslari
499 2872 600 2935 crescit,
622 2868 688 2938 tre.)
717 2868 831 2925 Flavius
843 2873 965 2927 exundet.

242 2940 294 2993 tivo
312 2937 426 2994 Solstitio
442 2941 472 2993 ad
494 2939 689 3007 AEquinottium
760 2952 824 3005 715.
851 2936 1058 3009 Aquilamque
1083 2948 1182 3004 contra,
1211 2939 1280 2993 Anni

242 3006 399 3062 Autumnale
425 3009 502 3062 Nilus
523 3009 560 3062 ita
576 3009 689 3063 intume.
718 3016 765 3058 tem
782 3026 872 3072 orere,
891 3027 936 3075 quo
950 3008 1116 3078 Ercstaflabra
1123 3006 1278 3077 ferunturr)

242 3084 310 3143 tper
327 3077 471 3146 AEgyptum
483 3078 626 3142 exundans,
644 3078 689 3132 ob·
719 3022 782 3130 Pol
796 3076 903 3130 biduum
918 3086 1024 3131 exortus
1042 3076 1172 3152 Canicula
1195 3077 1276 3146 Aqui-

242 3161 281 3198 mo
297 3159 371 3213 agros
389 3145 540 3209 foeeundet,
561 3145 624 3199 aliis
641 3147 690 3202 ile-
717 3144 792 3200 lones
811 3142 1088 3210 constantibcperllant
1108 3145 1202 3200 'diebus
1232 3165 1278 3200 ua·

243 3220 334 3277 turos,
354 3215 486 3282 egregium
505 3214 607 3268 Divina
627 3216 690 3271 Pro·
717 3214 855 3281 draginta,
874 3229 938 3280 quos
962 3210 1062 3268 Etesiae
1082 3222 1186 3267 vocant.
1215 3164 1277 3268 lni-

242 3292 487 3336 amonumentum:
517 3282 689 3351 (AEpyptiin
718 3284 797 3347 nius,
817 3281 912 3336 lib.ll.
932 3298 978 3349 cap
998 3295 1042 3347 47.
1080 3281 1116 3336 Et
1126 3280 1274 3347 Lucretius,

242 3369 326 3403 uarum
348 3352 458 3418 beneficia
476 3355 626 3418 percipientes
652 3354 689 3407 A.
717 3368 743 3405 v.
758 3365 818 3417 730.
849 3350 1017 3418 Etfiaflauu
1032 3348 1189 3417 Aquilonm.
1227 3352 1277 3404 Fa-

242 3422 321 3479 wluin,
350 3420 400 3473 &e
416 3418 419 3423 ’
437 3419 528 3485 Julius
547 3421 686 3485 Firmicus,
713 3438 760 3487 yur
773 3428 878 3483 tamen,
900 3418 1002 3485 thiae,
1021 3415 1082 3473 sunt
1094 3419 1170 3474 venti
1183 3418 1214 3472 ab
1222 3418 1277 3474 Au·

242 3486 305 3541 nor.
319 3486 393 3609 nel?
428 3487 499 3542 Huic
510 3489 592 3556 igitur
605 3491 689 3545 incre.
717 3487 785 3551 ltro,
815 3486 859 3543 seu
876 3486 892 3540 i
912 3487 1024 3541 Meridie
1035 3487 1151 3545 flantesr
1179 3489 1206 3542 ἃ
1223 3488 1273 3543 hoc

242 3572 360 3611 nemore
389 3555 773 3626 uocausaatantumna-,Nili
804 3556 994 3610 incrementum
1025 3556 1158 3610 contendit
1177 3554 1235 3611 lieri
1260 3554 1276 3610 i

244 3623 352 3693 allignat
371 3626 521 3691 lucretius,
541 3644 568 3681 v.
598 3635 638 3681 26.
660 3630 687 3683 δι
701 3675 703 3682 ,
716 3623 816 3678 duobus
832 3626 923 3681 ventis
934 3625 1093 3688 contrariis,
1113 3641 1223 3693 quorum
1238 3625 1277 3680 al-

242 3695 359 3762 qnidem,
380 3712 406 3749 v.
419 3711 461 3749 12.
501 3698 579 3750 venti
597 3690 772 3756 ntenaetter,
792 3709 885 3761 nempe
910 3692 1022 3761 llquilo,
1050 3694 1164 3748 retardat
1192 3695 1276 3763 Aqru·

242 3765 365 3818 :cultione
383 3761 509 3831 spirantes
528 3782 606 3833 aquas
625 3766 687 3819 Am·
699 3761 702 3771 “
715 3777 773 3815 rum
793 3760 902 3823 cursus3
922 3762 1058 3816 alternent
1079 3760 1207 3823 eEtefiae,
1227 3764 1278 3815 im·

242 3833 310 3887 nah
331 3833 424 3888 Austro
447 3834 525 3896 fluit,
542 3834 684 3902 repellunt,
699 3830 793 3911 fpellit
814 3829 892 3893 illas,
919 3832 1040 3912 quoniam
1095 3830 1147 3912 ilus
1163 3829 1194 3883 ab
1222 3829 1276 3912 An·

242 3917 304 3990 pue,
323 3910 353 3957 ut
371 3902 479 3970 impleto
499 3902 583 3957 lllveo
603 3920 685 3957 exun—
697 3884 702 3933 ¹
714 3898 764 3951 stro
784 3916 811 3951 m
832 3899 1042 3967 Septentrionem
1070 3900 1139 3953 fluit.
1177 3897 1220 3952 En
1237 3898 1276 3955 dr·

242 3969 264 4025 ri
284 3970 347 4025 verb
366 3970 456 4026 Eteliae
466 3972 498 4025 ad
516 3970 685 4026 obsistendum
698 4025 700 4034 ,
714 3984 795 4035 gnum
814 3968 936 4026 Lucretio
952 3969 1147 4038 Interpretem!

242 4055 346 4107 quarum
365 4041 493 4109 ponderi,
527 4040 599 4095 lenes
616 4042 685 4094 onim

242 4108 302 4173 nti,
330 4110 440 4177 impares
459 4109 597 4173 dieantur,
617 4055 702 4192 tuml
747 4123 808 4176 719.
829 4106 938 4171 Adverso
950 4100 1096 4176 flumine.)
1124 4100 1198 4158 lltv.
1212 4116 1273 4173 725.

242 4193 319 4241 rena,
338 4195 415 4247 quam
425 4178 501 4232 Mare
510 4178 541 4230 ab
554 4177 607 4230 istis
619 4191 685 4232 ven·
697 4212 699 4220 =
712 4178 841 4236 Fullibm
856 4178 974 4230 adens's:
1001 4173 1108 4243 (Neque
1128 4172 1199 4228 enim
1218 4174 1270 4246 leg.

242 4254 318 4299 :atum
348 4247 490 4314 congerit,
517 4246 685 4301 obstruuntur
712 4246 839 4311 Flumine)
859 4245 970 4298 Mallem
988 4251 1075 4299 tamen
1097 4240 1186 4299 Getici.

242 4314 306 4376 [tina
334 4323 410 4385 atque
434 4315 495 4370 inde
522 4302 702 4372 uiuuntiol
852 4376 878 4441 z
