3150 4967
226 393 301 509 ziz
551 423 556 433 ’
601 427 647 522 q.
683 424 988 539 euenum

223 599 315 671 Inter
336 619 413 683 eos,
439 594 613 683 Solemque
633 597 738 685 jacent
756 597 914 669 immania
937 596 1030 686 ponti

224 688 386 774 Quota,
410 683 570 757 substrata
589 685 731 759 aetheriis
751 688 940 776 ingentibus
963 689 1052 759 orist
1095 729 1099 735 ·
1146 722 1149 726 ·

226 778 462 867 hrterjettaque
480 772 557 846 sunt
576 794 738 847 terrarum
756 778 859 847 millia
879 778 1004 863 multa,
1398 843 1403 858 ι

226 869 315 955 Quae
334 866 432 935 varix
450 866 595 936 retinent
615 884 749 955 gentes,
776 870 817 937 u·
830 864 921 936 saecla
940 864 1097 937 ferarum.
1293 875 1356 955 41s

209 1015 211 1021 .
270 958 314 1028 At
334 956 499 1026 conledtus
520 979 611 1042 aquae
632 956 774 1043 digitum
797 979 867 1032 non
889 956 986 1026 altior
1001 975 1132 1041 unum,
1400 957 1403 976 ²

226 1046 297 1133 Qui
318 1044 446 1135 lapides·
459 1045 546 1114 inter
565 1042 644 1116 sistit
664 1068 721 1132 per
741 1042 837 1116 strata
859 1045 1010 1128 viarum,
1395 1105 1403 1126 ,,

225 1131 425 1220 Despedtum
446 1134 570 1220 praebet
595 1131 654 1204 sub
673 1154 775 1206 terres
796 1135 918 1222 impete
938 1150 1052 1213 tantu,
1392 1185 1403 1264 ι

227 1226 256 1296 A
274 1225 369 1293 terris
392 1242 555 1309 quantum
574 1225 647 1294 coeli
668 1241 755 1310 patet
778 1224 863 1295 altus
884 1222 1011 1295 hiatus:
1389 1255 1394 1262 ·

227 1313 354 1387 Nubila
373 1309 555 1399 despicere,
581 1314 753 1384 &coelum
773 1330 813 1384 ut
832 1313 964 1383 videare
985 1311 1118 1391 videre,
1144 1311 1180 1382 dr
1293 1326 1350 1399 420
1401 1395 1403 1398 .

228 1404 377 1490 Corpora
398 1402 548 1473 mirando
566 1398 625 1473 sub
647 1421 749 1473 terras
767 1402 877 1472 abditu
899 1401 993 1472 coelo.

237 1524 246 1543 ·
272 1494 447 1579 Denique,
473 1490 531 1561 ubi
552 1492 588 1561 in
608 1491 717 1562 medio
739 1492 835 1561 nobis
858 1516 961 1578 equus
980 1512 1052 1560 acer
1071 1485 1212 1586 obhaesit

228 1582 405 1667 Flumine,
432 1585 464 1652 dr
485 1582 520 1651 in
539 1580 666 1666 rapidas
684 1582 791 1652 amnis
816 1578 1021 1668 despeximus
1040 1578 1168 1659 undas;

231 1673 354 1744 Stantis
374 1672 450 1759 equi
469 1694 587 1756 corpus
606 1667 822 1740 trarrsversum
846 1666 928 1739 serre
946 1670 1078 1739 videtur

227 1763 314 1849 Vis,
341 1763 427 1833 &in
449 1756 623 1830 adversum
642 1760 765 1829 flumen
783 1759 979 1830 contrudere
998 1759 1135 1845 raptim:
1295 1769 1353 1849 425
1392 1757 1403 1796 Α

228 1854 292 1939 Et,
318 1873 514 1938 quocunque
535 1850 648 1920 oculos
666 1849 873 1938 trajecimus,
899 1848 1012 1919 omniu
1035 1846 1133 1933 l'erri,

228 1944 272 2013 Et
291 1942 389 2011 fluere
407 1938 543 2009 adsimili
562 1938 658 2010 nobis
679 1940 804 2008 ratione
824 1938 987 2008 videntur.

274 2032 421 2101 Porticus
440 2029 556 2114 aequuli
575 2029 724 2114 quumvis
747 2026 792 2097 est
813 2026 887 2096 deni
912 2051 952 2095 ue
975 2026 1100 2111 ductu,

230 2114 386 2204 Stansque
407 2119 444 2188 in
469 2135 663 2204 perpetuum
686 2116 817 2203 paribus
840 2051 971 2186 srrlsultn
993 2114 1177 2195 columnist

230 2209 343 2294 Longu
361 2228 471 2277 tamen
491 2228 581 2293 parte
604 2206 646 2275 ab
665 2203 791 2276 summa
809 2206 886 2275 crim
907 2223 976 2276 tota
999 2204 1156 2289 videtur,
1297 2221 1358 2295 430

230 2298 404 2371 Paullatim
423 2295 523 2366 trehit
543 2294 670 2383 angusti
689 2292 813 2383 fastigia
836 2296 910 2364 coni
921 2344 933 2378 ,
1401 2297 1403 2336 ⁵

229 2391 333 2460 Testa
354 2384 601 2474 sunjungens,
626 2404 723 2471 atque
742 2385 855 2455 omniu
878 2384 1010 2453 dexteru
1029 2380 1143 2452 laevise

230 2480 401 2550 Donicum
420 2477 456 2546 in
477 2472 653 2546 obscurum
674 2476 748 2545 coni
772 2473 931 2543 conduxit
950 2495 1099 2542 acumen.

275 2569 314 2639 In
335 2570 448 2654 pelago
472 2567 580 2636 nautis
602 2590 643 2633 ex
663 2564 761 2634 undis
781 2582 896 2648 ortus,
921 2562 956 2632 in
973 2562 1071 2630 undis

231 2658 286 2730 Sol
305 2656 343 2726 sit
360 2658 409 2726 uti
431 2656 580 2723 videatur
602 2654 714 2736 obire,
744 2657 775 2723 de
797 2653 936 2723 condere
959 2652 1093 2720 lumen:
1299 2668 1362 2742 435

231 2748 364 2832 Qrippe
386 2743 443 2811 ubi
464 2743 511 2809 nil
532 2742 619 2809 aliud
640 2739 700 2810 nis1
723 2766 865 2827 uquam,
891 2741 1076 2825 coelumque
1099 2755 1262 2824 tuentur,

230 2833 285 2905 Ne
308 2833 423 2901 leviter
444 2829 555 2897 credas
577 2826 760 2899 labefactari
782 2831 929 2916 undique
949 2826 1068 2899 sensus,

275 2922 319 2991 At
338 2919 436 2988 muris
458 2919 579 3004 ignaris
597 2919 635 2989 in
653 2937 754 3004 portu
773 2919 887 2990 clauda
909 2919 1063 2990 videntur
1170 2986 1174 2990 .

1221 3009 1366 3100 Navigia

265 3164 588 3286 ‘ess‘nsoismstmbmiq’
610 3164 684 3288 ὄιοὲι)
710 3164 780 3289 bitrio
864 3163 999 3299 Perspetuis
1013 3133 1085 3229 soliti
1091 3174 1170 3235 potres
1181 3167 1367 3233 confiderem·

232 3250 264 3289 ve
290 3250 333 3286 ull
399 3250 451 3285 use
508 3253 546 3284 arn
563 3252 618 3286 mus
683 3250 711 3287 re
724 3252 778 3297 let,
921 3253 948 3286 rs.

232 3248 451 3364 emendatiore,
471 3302 601 3369 legitque,
624 3272 633 3298 ⁹
711 3253 721 3299 J
814 3302 947 3369 Perpetuis
962 3300 1072 3366 mensis,
1102 3301 1217 3369 Longis,
1246 3306 1279 3358 ad
1301 3305 1367 3359 ordi·

229 3406 232 3413 .
286 3372 386 3433 Corpora
406 3371 513 3421 mirando
525 3372 574 3432 sub
596 3370 683 3423 Terror
701 3370 781 3422 abdito
912 3388 971 3425 nem
982 3373 1120 3438 exaequatir
1134 3370 1279 3427 sedentum.

331 3435 413 3514 padio.
451 3503 456 3514 ¹
846 3451 906 3503 430.
928 3440 1038 3508 Longa.)
1074 3439 1147 3505 Alii,
1169 3440 1270 3509 Longe,
1290 3444 1316 3496 itl
1333 3439 1369 3497 est

233 3504 327 3572 quippe
335 3504 396 3569 qiud
407 3500 438 3555 fit
449 3500 514 3556 istud
526 3506 661 3557 mirandum
663 3506 712 3567 sub
723 3507 781 3559 Ter-
812 3510 900 3573 proed

231 3590 269 3624 ros
289 3573 392 3632 Culum,
422 3567 478 3635 Ipse
493 3584 545 3621 non
560 3569 708 3638 intellexit,
734 3591 781 3627 nec
847 3586 906 3641 433.
928 3572 1047 3627 Dorticum
1066 3577 1092 3627 in
1111 3576 1254 3644 obstruam,
1294 3575 1367 3647 dec.)

232 3640 296 3694 alios
307 3654 421 3705 unquam
431 3636 585 3716 intellexisse
596 3650 684 3706 putat:
705 3634 780 3706 Quasi
814 3640 951 3696 Namcirm
965 3642 1078 3697 Tectum
1093 3642 1266 3713 descendere,
1295 3648 1369 3701 Pavi-

234 3707 297 3762 verb
305 3706 371 3759 istud
383 3705 482 3758 Coelum
499 3721 525 3756 tn
543 3706 693 3763 collettione
705 3711 780 3779 Aque
815 3720 931 3765 mentum
941 3710 1061 3778 surgere,
1084 3716 1110 3767 dr
1129 3715 1244 3770 Parietes
1263 3732 1368 3771 concur·

233 3791 357 3843 apparens
370 3790 424 3857 non
433 3772 582 3827 admirabile
595 3778 620 3829 dt
638 3775 683 3831 sub
701 3787 780 3832 terras
815 3797 872 3833 rere
881 3782 1027 3843 videantur,
1047 3782 1075 3833 in
1086 3791 1192 3838 acutum
1202 3785 1368 3855 Conumpro·

233 3845 370 3900 videatur,
398 3857 456 3893 cum
472 3850 524 3894 tam
539 3842 682 3907 profundus
703 3846 734 3900 stt
755 3852 780 3902 &
815 3846 916 3915 spedus
929 3846 1186 3905 desmatneceli'eest.

233 3909 390 3963 admirabilis
401 3910 428 3961 in
449 3909 515 3963 istud
526 3910 626 3964 Coelum
640 3910 778 3981 despectus.
849 3926 910 3983 438.
930 3917 963 3969 In
972 3917 1083 3987 Portu.)
1103 3920 1256 3988 Legeudum
1269 3924 1296 3974 in
1304 3921 1369 3975 Pon·

234 3976 378 4040 Aliiverd,
438 4043 445 4055 ·
512 4044 519 4056 ·
815 3994 857 4049 to,
879 3985 947 4049 Quid
962 3986 1032 4038 enim
1041 3986 1153 4057 Navigia
1167 3991 1284 4044 inPirtu
1298 3987 1369 4045 obni-

287 4047 398 4123 corporu·
409 4044 519 4096 mirandi
533 4045 584 4106 sub
608 4055 683 4101 terras
702 4051 782 4103 riddo
817 4061 905 4107 tantur
914 4054 1017 4107 undis?

333 4109 408 4163 Coelr.
475 4178 482 4191 .
615 4171 619 4179 ,
850 4130 909 4185 438.
932 4122 1046 4189 Claude.)
1064 4121 1159 4179 Remos
1168 4126 1238 4180 enim
1246 4128 1371 4197 Navigio-

268 4191 328 4245 429.
348 4179 462 4243 Stansque
471 4182 666 4257 inperpetuum.)
683 4183 715 4237 In
726 4183 782 4237 lon·
818 4204 965 4243 rumorum
985 4188 1111 4260 pedesque
1130 4194 1261 4250 existimes
1278 4198 1370 4267 quibus

235 4242 425 4320 gumextenlb:
444 4244 569 4313 Servius,
586 4248 761 4319 adAEoeid.7.
817 4258 1116 4323 perfluttusincedunt:
1135 4262 1197 4318 Ideo
1215 4264 1372 4321 cumhillr·

1336 4332 1371 4389 mi
