3150 4967
231 468 305 552 364
602 451 647 535 T.
676 453 979 536 LUCRETII

228 621 406 709 Frigidus,
432 638 466 694 at
484 620 609 695 mlidus
629 627 794 698 nodumo
813 641 962 712 tempore
981 620 1107 696 ferturt

229 714 333 786 Hunc
353 709 505 783 homines
526 709 654 784 fontem
675 714 774 784 nimis
798 713 1023 797 admirantur,
1050 715 1084 785 dt
1097 709 1166 785 acri

228 802 303 873 Sole
329 819 448 888 putant
465 800 577 872 subter
597 822 698 876 tetras
717 801 888 874 ferviscete
906 804 1049 891 raptim,

227 892 310 964 Nox
331 891 389 961 ubi
410 892 549 962 terribili
573 913 674 964 tetras
692 892 828 981 caligine
849 894 952 964 texit:
1101 983 1104 988 Ι

227 980 331 1067 Quod
354 981 453 1051 nimis
474 984 492 1051 ὲ
512 1005 589 1053 vera
612 981 650 1053 'st
672 983 769 1069 longi
788 983 916 1053 ratione
943 997 1132 1053 remotumt

229 1071 362 1159 Quippe
385 1071 443 1142 ubi
462 1072 514 1144 Sol
536 1072 665 1142 nudum
683 1075 889 1144 contredlans
903 1095 1021 1158 corpus
1041 1077 1159 1159 aquai,

228 1161 310 1233 Non
332 1161 452 1248 quierit
470 1160 610 1232 calidum
633 1158 748 1250 supera
772 1160 813 1231 de
835 1161 970 1232 reddere
990 1177 1106 1249 parte,
1134 1236 1142 1252 ,

229 1250 317 1319 Crim
342 1246 497 1337 superum
519 1250 632 1321 lumen
653 1269 747 1322 tanto
765 1248 897 1322 fervore
917 1247 1068 1321 fruatur:

228 1341 300 1428 Qti
323 1360 419 1424 queat
436 1336 490 1408 hio
508 1334 619 1410 subter
639 1358 706 1413 tam
731 1337 829 1411 crasso
848 1363 984 1427 corpore
1006 1357 1152 1421 terram,

228 1428 430 1515 Percoquere
446 1426 645 1516 humorem,
673 1433 705 1501 &
729 1430 833 1501 calido
845 1426 966 1501 sociare
983 1429 1130 1515 vaporis

226 1515 407 1591 Praesertim
430 1517 506 1588 citm
526 1519 583 1588 vix
597 1516 694 1606 possit
711 1543 768 1607 pet
788 1516 877 1606 septa
895 1521 1077 1592 domorum

226 1604 395 1680 Insinuare
414 1603 511 1678 suum
532 1608 630 1680 radiis
654 1608 845 1681 ardentibus
864 1607 1007 1681 testum?

274 1702 361 1786 Quae
379 1697 462 1767 ratio
484 1696 674 1786 elligitur?
695 1699 858 1770 nimirum
875 1716 962 1770 terra
980 1697 1083 1786 magis
1102 1694 1205 1785 qubd'

227 1786 316 1861 Rara
341 1807 431 1856 tenet
450 1788 572 1858 circum
590 1785 679 1859 hunc
702 1789 865 1874 Fontem,
890 1789 991 1875 quim
1013 1805 1130 1859 caetera
1150 1786 1255 1860 tellus.

227 1878 403 1965 Multaque
423 1874 501 1948 sunt
520 1878 604 1965 ignis
624 1878 726 1966 prope
744 1875 869 1949 semina
890 1901 1013 1968 corpus¹
1029 1887 1137 1964 aquai.

227 1967 342 2050 Hinc,
367 1968 424 2035 ubi
448 1964 590 2038 roriferis
612 1985 732 2038 terram
755 1992 826 2038 nox
846 1967 958 2038 obruit
975 1966 1125 2056 umbris,
1238 2007 1243 2018 ·

227 2056 406 2141 Extemplo
421 2054 537 2127 subtus
555 2053 697 2147 frigescit
716 2075 825 2144 terra,
850 2059 992 2144 coitque.

226 2144 301 2214 Huc
324 2144 449 2214 ratione
469 2142 533 2232 fit,
560 2166 624 2233 ut,
650 2167 808 2234 tanquam
827 2143 1001 2234 compressa
1019 2169 1124 2219 manu
1149 2143 1211 2234 lit,

226 2234 399 2320 Exprimat
421 2237 457 2304 in
480 2235 640 2333 Fontem,
666 2261 739 2326 quae
761 2237 892 2309 Semina
914 2260 1056 2324 cumque
1076 2234 1179 2310 habet
1198 2235 1289 2326 ignit,

228 2326 315 2411 Quae
336 2325 476 2393 calidum
495 2324 619 2398 bierunt
640 2326 743 2398 laticis
761 2330 886 2398 tastum
905 2345 1003 2413 atque
1022 2323 1182 2415 saporem.

231 2414 313 2485 lnde
336 2413 392 2484 ubi
414 2414 468 2485 Sol
487 2414 585 2486 radiis
608 2416 890 2504 terramdimovit
909 2415 1057 2498 obortis,

229 2505 273 2575 Et
288 2501 440 2574 rorefecit
462 2504 566 2575 calido
589 2503 741 2576 miscente
761 2529 904 2591 vapore,

228 2589 357 2666 Rursus
381 2597 416 2664 in
438 2597 586 2679 antiquas
608 2595 746 2667 redeunt
765 2595 945 2682 primordia
963 2591 1068 2665 sedeis

226 2682 338 2768 Ignis,
366 2684 397 2753 dc
420 2685 455 2752 in
476 2703 595 2753 terrani
616 2686 701 2755 cedit
726 2687 813 2757 calor
835 2686 943 2755 omnis
965 2693 1079 2770 aquai:

226 2772 379 2862 Frigidus
401 2769 486 2842 hanc
504 2772 549 2842 ob
572 2797 644 2844 rem
662 2772 702 2846 fit
720 2776 810 2849 Fons
830 2775 866 2845 in
888 2775 960 2846 luce
978 2774 1108 2847 diurna.

1200 2875 1289 2971 Praeti

225 3114 305 3158 ortum
331 3101 416 3177 affireto
434 3115 538 3174 tempore
571 3105 713 3174 Iaitgursrot.
751 3104 785 3160 Ar
821 3104 914 3160 diurno
929 3114 1067 3173 tempore,
1097 3106 1179 3161 radiis
1199 3107 1289 3163 Soliti

225 3176 275 3228 hoc
291 3192 394 3244 quoque
413 3173 509 3231 frustra
522 3176 637 3230 dissum:
661 3175 785 3239 Quamuis
821 3192 897 3242 quam
917 3174 1138 3243 pervadentibus,
1161 3177 1289 3232 &rarefat

227 3247 297 3299 enim
316 3245 356 3299 isti
373 3254 479 3307 errant,
500 3242 783 3315 quicausamrcserunt
822 3247 885 3309 bus,
923 3251 953 3299 ut
974 3244 1085 3298 liberum
1103 3244 1137 3296 iis
1155 3241 1289 3302 feminibtu

224 3314 360 3369 adsolent
388 3312 474 3369 subter
492 3324 573 3369 terras
595 3312 722 3381 positum,
757 3315 783 3367 dr
820 3322 876 3367 tum
894 3314 923 3366 in
940 3310 1160 3367 A'e'remfaciant:
1185 3316 1289 3384 Quippe

223 3400 271 3451 per
291 3386 370 3437 totius
392 3383 511 3438 Telluris
529 3382 613 3439 crassae
633 3398 726 3449 corpus
743 3397 784 3434 ca·
821 3381 887 3435 Solis
903 3383 940 3436 ita
956 3381 1071 3436 Glacietn
1090 3380 1261 3450 dissolvunt,
1287 3402 1289 3432 ι

224 3450 391 3507 lefacientem
410 3453 468 3507 ilias
479 3454 583 3523 Aquas,
603 3469 630 3505 v.
649 3468 685 3503 11.
725 3450 782 3504 Dici
820 3452 957 3506 mittantur
975 3450 1046 3504 leves
1059 3448 1179 3517 stipuler,
1203 3455 1232 3509 dt
1253 3455 1289 3520 ejr

223 3527 313 3576 tamen
342 3521 442 3587 potest,
474 3540 500 3576 v.
524 3536 562 3588 ¹3·
601 3519 677 3582 Qudrl
697 3520 782 3573 Terra
820 3521 870 3574 alia
889 3537 944 3588 quae
959 3517 1286 3588 constudatenebantur,

224 3585 326 3653 frigore
345 3590 473 3644 nodurno
490 3589 629 3659 compressa
644 3588 727 3643 veluti
738 3590 772 3642 cli
854 3598 911 3653 858.
935 3589 1017 3641 Calido
1027 3587 1123 3651 sociare
1143 3593 1271 3660 vapori.)

224 3656 288 3717 dat,
317 3654 370 3710 sive
399 3661 545 3725 exprimat,
575 3656 784 3726 transmittitque
822 3660 900 3710 Calida
912 3659 1003 3719 satiare
1016 3669 1115 3723 cropore.

222 3726 252 3780 in
275 3725 377 3792 Aquam
394 3726 465 3794 Ignis
487 3726 599 3792 semina,
620 3729 689 3782 unde
708 3730 733 3782 dt
750 3727 785 3780 A.
854 3733 911 3790 869.
935 3723 1289 3795 Tmamltmoen.)Melili

225 3812 278 3865 qua
296 3793 451 3854 incalescens
488 3797 579 3852 Colore
609 3796 671 3850 verb
692 3798 784 3849 diurno
819 3796 1021 3858 reamisimus,
1042 3793 1084 3848 lta
1102 3796 1176 3850 enim
1192 3793 1289 3868 saepes

226 3866 316 3920 laxnta
333 3864 421 3916 cadem
439 3861 535 3918 semina
547 3866 631 3920 veluti
645 3862 779 3920 resorbeat,
819 3862 964 3933 Virgilius,
984 3863 1046 3920 AEn.
1060 3877 1087 3928 4.
1098 3881 1125 3917 v.
1137 3871 1166 3919 6.

223 3935 297 3988 unrle
317 3932 431 3988 multum
450 3950 482 3985 cx
500 3934 625 3988 nostnrno
646 3934 730 3988 calore
742 3935 783 3987 de·
871 3933 1061 4000 Humnitsmque
1069 3933 1169 3987 Aurora
1176 3935 1235 4003 poso
1245 3935 1289 3989 lia

223 4001 321 4056 crescit
370 4001 504 4064 Praeterea,
526 4003 571 4055 ista
584 4004 665 4071 Aqita,
686 4021 740 4071 quae
751 4020 784 4057 ex
922 4003 1060 4055 Umbram.-

226 4068 301 4137 Ignis
321 4070 469 4124 Seminibus
487 4080 593 4138 propter·
610 4074 701 4128 nerem
721 4079 784 4127 tem·
805 4068 920 4137 ,Suprd,
941 4088 967 4124 u.
989 4075 1048 4136 864.
1093 4071 1197 4124 mam
1218 4073 1284 4126 Nox

225 4155 289 4206 pore
308 4140 434 4192 notturno
452 4138 576 4205 frigidum
593 4140 727 4208 repressis,
748 4139 785 4194 ef·
822 4141 938 4193 Umbria:
958 4139 1027 4194 Inv.
1041 4149 1099 4206 870.
1124 4140 1289 4209 Errarffecir

227 4206 426 4273 ficitutcalida,
447 4210 539 4270 evadat
557 4209 677 4277 deinceps
690 4209 786 4279 Frigida
818 4208 903 4263 intell.
918 4209 1028 4263 Terram.

1251 4288 1289 4344 87:
