<?xml version="1.0" encoding="UTF-8"?>
<!DOCTYPE html PUBLIC "-//W3C//DTD XHTML 1.0 Transitional//EN"
    "http://www.w3.org/TR/xhtml1/DTD/xhtml1-transitional.dtd">
<html xmlns="http://www.w3.org/1999/xhtml" xml:lang="en" lang="en">
 <head>
  <title>
</title>
<meta http-equiv="Content-Type" content="text/html;charset=utf-8" />
  <meta name='ocr-system' content='tesseract 3.04.00' />
  <meta name='ocr-capabilities' content='ocr_page ocr_carea ocr_par ocr_line ocrx_word'/>
</head>
<body>
  <div class='ocr_page' id='page_1' title='image "./tlucretiicaride02carugoog_0238.png"; bbox 0 0 3150 4967; ppageno 0'>
   <div class='ocr_carea' id='block_1_1' title="bbox 248 408 1049 531">
    <p class='ocr_par' dir='ltr' id='par_1_1' title="bbox 248 408 1049 531">
     <span class='ocr_line' id='line_1_1' title="bbox 248 408 1049 531; baseline 0.027 -47"><span class='ocrx_word' id='word_1_1' title='bbox 248 421 321 531; x_wconf 60' lang='lat' dir='ltr'>aaz</span> <span class='ocrx_word' id='word_1_2' title='bbox 622 408 670 531; x_wconf 85' lang='grc' dir='ltr'>Τ.Ι</span> <span class='ocrx_word' id='word_1_3' title='bbox 706 408 1008 510; x_wconf 86' lang='lat' dir='ltr'>LUCRETII</span> <span class='ocrx_word' id='word_1_4' title='bbox 1045 497 1049 506; x_wconf 79' lang='grc'>,</span> 
     </span>
    </p>
   </div>
   <div class='ocr_carea' id='block_1_2' title="bbox 239 573 1410 2545">
    <p class='ocr_par' dir='ltr' id='par_1_2' title="bbox 248 573 964 665">
     <span class='ocr_line' id='line_1_2' title="bbox 248 573 964 665; baseline 0.006 -21"><span class='ocrx_word' id='word_1_5' title='bbox 248 573 397 649; x_wconf 81' lang='lat' dir='ltr'>ndfimni</span> <span class='ocrx_word' id='word_1_6' title='bbox 415 575 524 647; x_wconf 87' lang='lat' dir='ltr'>lateris</span> <span class='ocrx_word' id='word_1_7' title='bbox 544 574 670 655; x_wconf 83' lang='lat' dir='ltr'>flexura</span> <span class='ocrx_word' id='word_1_8' title='bbox 684 578 821 665; x_wconf 81' lang='lat' dir='ltr'>praedita</span> <span class='ocrx_word' id='word_1_9' title='bbox 840 578 964 651; x_wconf 84' lang='lat' dir='ltr'>nostri:</span> 
     </span>
    </p>

    <p class='ocr_par' dir='ltr' id='par_1_3' title="bbox 246 666 1135 755">
     <span class='ocr_line' id='line_1_3' title="bbox 246 666 1135 755; baseline 0.002 -18"><span class='ocrx_word' id='word_1_10' title='bbox 246 666 393 737; x_wconf 79' lang='lat' dir='ltr'>Dextera</span> <span class='ocrx_word' id='word_1_11' title='bbox 411 692 447 737; x_wconf 88' lang='lat' dir='ltr'>ea</span> <span class='ocrx_word' id='word_1_12' title='bbox 468 687 601 755; x_wconf 90' lang='lat' dir='ltr'>propter</span> <span class='ocrx_word' id='word_1_13' title='bbox 621 668 719 739; x_wconf 88' lang='lat' dir='ltr'>nobis</span> <span class='ocrx_word' id='word_1_14' title='bbox 738 669 918 741; x_wconf 87' lang='lat' dir='ltr'>Simulacra</span> <span class='ocrx_word' id='word_1_15' title='bbox 941 666 1135 753; x_wconf 86' lang='lat' dir='ltr'>remittunt,</span> 
     </span>
    </p>

    <p class='ocr_par' dir='ltr' id='par_1_4' title="bbox 244 754 1410 1025">
     <span class='ocr_line' id='line_1_4' title="bbox 247 754 1410 848; baseline 0.003 -22"><span class='ocrx_word' id='word_1_16' title='bbox 247 756 315 826; x_wconf 81' lang='lat' dir='ltr'>Aut</span> <span class='ocrx_word' id='word_1_17' title='bbox 333 758 409 841; x_wconf 88' lang='lat' dir='ltr'>quia</span> <span class='ocrx_word' id='word_1_18' title='bbox 434 756 475 827; x_wconf 93' lang='lat' dir='ltr'>de</span> <span class='ocrx_word' id='word_1_19' title='bbox 494 758 630 843; x_wconf 76' lang='lat' dir='ltr'>Speculo</span> <span class='ocrx_word' id='word_1_20' title='bbox 651 757 686 828; x_wconf 90' lang='lat' dir='ltr'>in</span> <span class='ocrx_word' id='word_1_21' title='bbox 707 760 883 844; x_wconf 80' lang='lat' dir='ltr'>Speculum</span> <span class='ocrx_word' id='word_1_22' title='bbox 902 754 1095 829; x_wconf 81' lang='lat' dir='ltr'>transfertur</span> <span class='ocrx_word' id='word_1_23' title='bbox 1111 758 1250 847; x_wconf 80' lang='lat' dir='ltr'>Imago,</span> <span class='ocrx_word' id='word_1_24' title='bbox 1317 771 1376 848; x_wconf 63' lang='grc' dir='ltr'>Μ</span> <span class='ocrx_word' id='word_1_25' title='bbox 1408 835 1410 840; x_wconf 62' lang='grc'>,</span> 
     </span>
     <span class='ocr_line' id='line_1_5' title="bbox 244 844 1395 933; baseline 0.001 -17"><span class='ocrx_word' id='word_1_26' title='bbox 244 844 327 916; x_wconf 86' lang='lat' dir='ltr'>Inde</span> <span class='ocrx_word' id='word_1_27' title='bbox 348 845 389 913; x_wconf 89' lang='lat' dir='ltr'>ad</span> <span class='ocrx_word' id='word_1_28' title='bbox 405 870 466 916; x_wconf 91' lang='lat' dir='ltr'>nos</span> <span class='ocrx_word' id='word_1_29' title='bbox 484 844 557 916; x_wconf 85' lang='lat' dir='ltr'>elisa</span> <span class='ocrx_word' id='word_1_30' title='bbox 581 845 806 927; x_wconf 80' lang='lat' dir='ltr'>bis-advolat3</span> <span class='ocrx_word' id='word_1_31' title='bbox 837 867 894 919; x_wconf 90' lang='lat' dir='ltr'>aut</span> <span class='ocrx_word' id='word_1_32' title='bbox 917 848 1014 919; x_wconf 87' lang='lat' dir='ltr'>etiam</span> <span class='ocrx_word' id='word_1_33' title='bbox 1034 846 1124 933; x_wconf 81' lang='lat' dir='ltr'>quod</span> <span class='ocrx_word' id='word_1_34' title='bbox 1391 848 1395 858; x_wconf 90' lang='lat'>&#39;</span> 
     </span>
     <span class='ocr_line' id='line_1_6' title="bbox 245 933 1189 1025; baseline 0.003 -21"><span class='ocrx_word' id='word_1_35' title='bbox 245 933 509 1022; x_wconf 75' lang='lat' dir='ltr'>OErcumagitur,</span> <span class='ocrx_word' id='word_1_36' title='bbox 535 936 612 1006; x_wconf 82' lang='lat' dir='ltr'>cimt</span> <span class='ocrx_word' id='word_1_37' title='bbox 631 937 725 1011; x_wconf 87' lang='lat' dir='ltr'>venit</span> <span class='ocrx_word' id='word_1_38' title='bbox 742 937 883 1025; x_wconf 82' lang='lat' dir='ltr'>Intago,</span> <span class='ocrx_word' id='word_1_39' title='bbox 909 954 1078 1024; x_wconf 90' lang='lat' dir='ltr'>propterea</span> <span class='ocrx_word' id='word_1_40' title='bbox 1095 934 1189 1023; x_wconf 76' lang='lat' dir='ltr'>qudrl</span> 
     </span>
    </p>

    <p class='ocr_par' dir='ltr' id='par_1_5' title="bbox 244 1022 1091 1112">
     <span class='ocr_line' id='line_1_7' title="bbox 244 1022 1091 1112; baseline 0 -18"><span class='ocrx_word' id='word_1_41' title='bbox 244 1022 345 1094; x_wconf 87' lang='lat' dir='ltr'>Flexa</span> <span class='ocrx_word' id='word_1_42' title='bbox 358 1022 462 1111; x_wconf 81' lang='lat' dir='ltr'>figura</span> <span class='ocrx_word' id='word_1_43' title='bbox 483 1026 579 1094; x_wconf 88' lang='lat' dir='ltr'>docet</span> <span class='ocrx_word' id='word_1_44' title='bbox 599 1026 726 1112; x_wconf 80' lang='lat' dir='ltr'>speculi</span> <span class='ocrx_word' id='word_1_45' title='bbox 745 1026 934 1097; x_wconf 82' lang='lat' dir='ltr'>convertier</span> <span class='ocrx_word' id='word_1_46' title='bbox 954 1024 996 1098; x_wconf 90' lang='lat' dir='ltr'>ad</span> <span class='ocrx_word' id='word_1_47' title='bbox 1020 1049 1091 1112; x_wconf 87' lang='lat' dir='ltr'>nos.</span> 
     </span>
    </p>

    <p class='ocr_par' dir='ltr' id='par_1_6' title="bbox 290 1113 1157 1206">
     <span class='ocr_line' id='line_1_8' title="bbox 290 1113 1157 1206; baseline 0 -23"><span class='ocrx_word' id='word_1_48' title='bbox 290 1113 468 1206; x_wconf 85' lang='lat' dir='ltr'>Indugredi</span> <span class='ocrx_word' id='word_1_49' title='bbox 490 1138 589 1201; x_wconf 90' lang='lat' dir='ltr'>porro</span> <span class='ocrx_word' id='word_1_50' title='bbox 604 1115 724 1203; x_wconf 88' lang='lat' dir='ltr'>paritet</span> <span class='ocrx_word' id='word_1_51' title='bbox 746 1115 946 1202; x_wconf 84' lang='lat' dir='ltr'>Simulacta,</span> <span class='ocrx_word' id='word_1_52' title='bbox 971 1113 1157 1203; x_wconf 79' lang='lat' dir='ltr'>pedemque.</span> 
     </span>
    </p>

    <p class='ocr_par' dir='ltr' id='par_1_7' title="bbox 242 1200 1371 1381">
     <span class='ocr_line' id='line_1_9' title="bbox 242 1200 1371 1296; baseline 0.001 -23"><span class='ocrx_word' id='word_1_53' title='bbox 242 1200 370 1273; x_wconf 83' lang='lat' dir='ltr'>Ponere</span> <span class='ocrx_word' id='word_1_54' title='bbox 389 1201 560 1273; x_wconf 85' lang='lat' dir='ltr'>nobiscum</span> <span class='ocrx_word' id='word_1_55' title='bbox 582 1204 719 1289; x_wconf 71' lang='lat' dir='ltr'>credre,</span> <span class='ocrx_word' id='word_1_56' title='bbox 744 1203 935 1292; x_wconf 86' lang='lat' dir='ltr'>gestumque</span> <span class='ocrx_word' id='word_1_57' title='bbox 960 1204 1103 1284; x_wconf 73' lang='lat' dir='ltr'>imitari:¹</span> <span class='ocrx_word' id='word_1_58' title='bbox 1315 1223 1371 1296; x_wconf 71' lang='lat'>320</span> 
     </span>
     <span class='ocr_line' id='line_1_10' title="bbox 243 1291 1108 1381; baseline 0.008 -18"><span class='ocrx_word' id='word_1_59' title='bbox 243 1291 445 1378; x_wconf 82' lang='lat' dir='ltr'>Propterea,</span> <span class='ocrx_word' id='word_1_60' title='bbox 470 1294 546 1379; x_wconf 86' lang='lat' dir='ltr'>quia</span> <span class='ocrx_word' id='word_1_61' title='bbox 565 1292 605 1362; x_wconf 91' lang='lat' dir='ltr'>de</span> <span class='ocrx_word' id='word_1_62' title='bbox 626 1294 753 1379; x_wconf 84' lang='lat' dir='ltr'>Speculi</span> <span class='ocrx_word' id='word_1_63' title='bbox 767 1318 832 1381; x_wconf 89' lang='lat' dir='ltr'>qua</span> <span class='ocrx_word' id='word_1_64' title='bbox 850 1314 940 1381; x_wconf 86' lang='lat' dir='ltr'>parte</span> <span class='ocrx_word' id='word_1_65' title='bbox 954 1292 1108 1380; x_wconf 79' lang='lat' dir='ltr'>recedas,</span> 
     </span>
    </p>

    <p class='ocr_par' dir='ltr' id='par_1_8' title="bbox 243 1380 1078 1473">
     <span class='ocr_line' id='line_1_11' title="bbox 243 1380 1078 1473; baseline 0.001 -21"><span class='ocrx_word' id='word_1_66' title='bbox 243 1380 416 1452; x_wconf 76' lang='lat' dir='ltr'>Continui&gt;</span> <span class='ocrx_word' id='word_1_67' title='bbox 436 1403 607 1473; x_wconf 88' lang='lat' dir='ltr'>nequeunt</span> <span class='ocrx_word' id='word_1_68' title='bbox 628 1383 718 1453; x_wconf 89' lang='lat' dir='ltr'>illino</span> <span class='ocrx_word' id='word_1_69' title='bbox 739 1384 918 1455; x_wconf 84' lang='lat' dir='ltr'>Simulacra</span> <span class='ocrx_word' id='word_1_70' title='bbox 936 1383 1078 1471; x_wconf 72' lang='lat' dir='ltr'>reverti:</span> 
     </span>
    </p>

    <p class='ocr_par' dir='ltr' id='par_1_9' title="bbox 244 1470 1060 1560">
     <span class='ocr_line' id='line_1_12' title="bbox 244 1470 1060 1560; baseline -0.001 -18"><span class='ocrx_word' id='word_1_71' title='bbox 244 1472 372 1542; x_wconf 89' lang='lat' dir='ltr'>Omnia</span> <span class='ocrx_word' id='word_1_72' title='bbox 397 1471 665 1558; x_wconf 88' lang='lat' dir='ltr'>quandoquidem</span> <span class='ocrx_word' id='word_1_73' title='bbox 680 1472 768 1560; x_wconf 83' lang='lat' dir='ltr'><strong>cogit</strong></span> <span class='ocrx_word' id='word_1_74' title='bbox 785 1490 901 1548; x_wconf 87' lang='lat' dir='ltr'>natura</span> <span class='ocrx_word' id='word_1_75' title='bbox 923 1470 1060 1558; x_wconf 84' lang='lat' dir='ltr'>referti,</span> 
     </span>
    </p>

    <p class='ocr_par' dir='ltr' id='par_1_10' title="bbox 241 1557 1076 1650">
     <span class='ocr_line' id='line_1_13' title="bbox 241 1557 1076 1650; baseline 0 -17"><span class='ocrx_word' id='word_1_76' title='bbox 241 1561 290 1633; x_wconf 84' lang='lat' dir='ltr'>Ac</span> <span class='ocrx_word' id='word_1_77' title='bbox 309 1557 427 1630; x_wconf 77' lang='lat' dir='ltr'>resilire</span> <span class='ocrx_word' id='word_1_78' title='bbox 448 1562 489 1631; x_wconf 93' lang='lat' dir='ltr'>ab</span> <span class='ocrx_word' id='word_1_79' title='bbox 509 1560 666 1631; x_wconf 86' lang='lat' dir='ltr'>rebusad</span> <span class='ocrx_word' id='word_1_80' title='bbox 691 1585 803 1650; x_wconf 77' lang='lat' dir='ltr'>aequos</span> <span class='ocrx_word' id='word_1_81' title='bbox 819 1562 946 1634; x_wconf 89' lang='lat' dir='ltr'>reddita</span> <span class='ocrx_word' id='word_1_82' title='bbox 962 1560 1076 1634; x_wconf 80' lang='lat' dir='ltr'>flexus.</span> 
     </span>
    </p>

    <p class='ocr_par' dir='ltr' id='par_1_11' title="bbox 239 1647 1410 2011">
     <span class='ocr_line' id='line_1_14' title="bbox 289 1647 1410 1743; baseline 0.002 -22"><span class='ocrx_word' id='word_1_83' title='bbox 289 1650 463 1736; x_wconf 85' lang='lat' dir='ltr'>Splendida</span> <span class='ocrx_word' id='word_1_84' title='bbox 485 1675 584 1737; x_wconf 90' lang='lat' dir='ltr'>porro</span> <span class='ocrx_word' id='word_1_85' title='bbox 603 1651 691 1723; x_wconf 86' lang='lat' dir='ltr'>oculi</span> <span class='ocrx_word' id='word_1_86' title='bbox 710 1647 875 1739; x_wconf 83' lang='lat' dir='ltr'>fugitant,</span> <span class='ocrx_word' id='word_1_87' title='bbox 900 1653 1071 1737; x_wconf 87' lang='lat' dir='ltr'>vitantque</span> <span class='ocrx_word' id='word_1_88' title='bbox 1089 1648 1196 1723; x_wconf 78' lang='lat' dir='ltr'>tueri:</span> <span class='ocrx_word' id='word_1_89' title='bbox 1315 1664 1370 1743; x_wconf 63' lang='lat' dir='ltr'>aas</span> <span class='ocrx_word' id='word_1_90' title='bbox 1408 1687 1410 1694; x_wconf 95' lang='lat'>·</span> 
     </span>
     <span class='ocr_line' id='line_1_15' title="bbox 242 1737 1410 1827; baseline -0.003 -15"><span class='ocrx_word' id='word_1_91' title='bbox 242 1740 298 1812; x_wconf 90' lang='lat' dir='ltr'>Sol</span> <span class='ocrx_word' id='word_1_92' title='bbox 317 1740 415 1810; x_wconf 86' lang='lat' dir='ltr'>etiam</span> <span class='ocrx_word' id='word_1_93' title='bbox 436 1757 555 1826; x_wconf 82' lang='lat' dir='ltr'>caecat,</span> <span class='ocrx_word' id='word_1_94' title='bbox 582 1758 696 1810; x_wconf 84' lang='lat' dir='ltr'>eontra</span> <span class='ocrx_word' id='word_1_95' title='bbox 717 1737 741 1810; x_wconf 81' lang='lat' dir='ltr'>st</span> <span class='ocrx_word' id='word_1_96' title='bbox 759 1739 893 1810; x_wconf 89' lang='lat' dir='ltr'>tendere</span> <span class='ocrx_word' id='word_1_97' title='bbox 913 1763 1048 1827; x_wconf 78' lang='lat' dir='ltr'>pergas,</span> <span class='ocrx_word' id='word_1_98' title='bbox 1407 1749 1410 1778; x_wconf 79' lang='lat'>²</span> 
     </span>
     <span class='ocr_line' id='line_1_16' title="bbox 241 1826 1087 1918; baseline 0 -17"><span class='ocrx_word' id='word_1_99' title='bbox 241 1828 440 1917; x_wconf 85' lang='lat' dir='ltr'>Propterea,</span> <span class='ocrx_word' id='word_1_100' title='bbox 465 1830 543 1918; x_wconf 79' lang='lat' dir='ltr'>quia&#39;</span> <span class='ocrx_word' id='word_1_101' title='bbox 559 1830 610 1901; x_wconf 88' lang='lat' dir='ltr'>vis</span> <span class='ocrx_word' id='word_1_102' title='bbox 630 1853 747 1917; x_wconf 83' lang='lat' dir='ltr'>magna</span> <span class='ocrx_word' id='word_1_103' title='bbox 764 1827 802 1900; x_wconf 88' lang='lat' dir='ltr'>’st</span> <span class='ocrx_word' id='word_1_104' title='bbox 822 1826 940 1917; x_wconf 78' lang='lat' dir='ltr'>ipfius:</span> <span class='ocrx_word' id='word_1_105' title='bbox 967 1832 1002 1901; x_wconf 75' lang='lat' dir='ltr'>de</span> <span class='ocrx_word' id='word_1_106' title='bbox 1023 1828 1087 1901; x_wconf 74' lang='lat' dir='ltr'>alte</span> 
     </span>
     <span class='ocr_line' id='line_1_17' title="bbox 239 1914 1102 2011; baseline 0 -20"><span class='ocrx_word' id='word_1_107' title='bbox 239 1922 325 1991; x_wconf 80' lang='lat' dir='ltr'>Aeta</span> <span class='ocrx_word' id='word_1_108' title='bbox 344 1945 400 2005; x_wconf 88' lang='lat' dir='ltr'>per</span> <span class='ocrx_word' id='word_1_109' title='bbox 422 1944 545 2011; x_wconf 88' lang='lat' dir='ltr'>purum</span> <span class='ocrx_word' id='word_1_110' title='bbox 566 1918 708 2008; x_wconf 85' lang='lat' dir='ltr'>graviter</span> <span class='ocrx_word' id='word_1_111' title='bbox 728 1918 907 1993; x_wconf 76' lang='lat' dir='ltr'>simulacra</span> <span class='ocrx_word' id='word_1_112' title='bbox 929 1914 1102 2004; x_wconf 82' lang='lat' dir='ltr'>feruntur,</span> 
     </span>
    </p>

    <p class='ocr_par' dir='ltr' id='par_1_12' title="bbox 241 2005 1410 2545">
     <span class='ocr_line' id='line_1_18' title="bbox 241 2005 1410 2095; baseline 0.001 -16"><span class='ocrx_word' id='word_1_113' title='bbox 241 2009 284 2079; x_wconf 88' lang='lat' dir='ltr'>Et</span> <span class='ocrx_word' id='word_1_114' title='bbox 304 2006 428 2079; x_wconf 84' lang='lat' dir='ltr'>feriunt</span> <span class='ocrx_word' id='word_1_115' title='bbox 448 2011 561 2079; x_wconf 86' lang='lat' dir='ltr'>oculos</span> <span class='ocrx_word' id='word_1_116' title='bbox 576 2007 741 2079; x_wconf 87' lang='lat' dir='ltr'>turbantia</span> <span class='ocrx_word' id='word_1_117' title='bbox 760 2005 1007 2095; x_wconf 84' lang='lat' dir='ltr'>compofituras.</span> <span class='ocrx_word' id='word_1_118' title='bbox 1407 2073 1410 2094; x_wconf 74' lang='grc'>,</span> 
     </span>
     <span class='ocr_line' id='line_1_19' title="bbox 242 2094 1410 2194; baseline 0.003 -27"><span class='ocrx_word' id='word_1_119' title='bbox 242 2097 425 2183; x_wconf 80' lang='lat' dir='ltr'>Praeterea,</span> <span class='ocrx_word' id='word_1_120' title='bbox 451 2099 636 2185; x_wconf 84' lang='lat' dir='ltr'>Splendor,</span> <span class='ocrx_word' id='word_1_121' title='bbox 662 2099 851 2185; x_wconf 88' lang='lat' dir='ltr'>quicunque</span> <span class='ocrx_word' id='word_1_122' title='bbox 875 2096 912 2169; x_wconf 87' lang='lat' dir='ltr'>&#39;st</span> <span class='ocrx_word' id='word_1_123' title='bbox 927 2120 1018 2183; x_wconf 88' lang='lat' dir='ltr'>acer,</span> <span class='ocrx_word' id='word_1_124' title='bbox 1044 2094 1161 2169; x_wconf 81' lang='lat' dir='ltr'>adurir</span> <span class='ocrx_word' id='word_1_125' title='bbox 1315 2119 1371 2194; x_wconf 77' lang='lat'>330</span> <span class='ocrx_word' id='word_1_126' title='bbox 1406 2123 1410 2138; x_wconf 71' lang='lat'><em>¹</em></span> 
     </span>
     <span class='ocr_line' id='line_1_20' title="bbox 243 2183 1116 2275; baseline -0.002 -18"><span class='ocrx_word' id='word_1_127' title='bbox 243 2186 333 2271; x_wconf 84' lang='lat' dir='ltr'>Saepe</span> <span class='ocrx_word' id='word_1_128' title='bbox 356 2188 492 2271; x_wconf 86' lang='lat' dir='ltr'>oculos,</span> <span class='ocrx_word' id='word_1_129' title='bbox 518 2188 591 2257; x_wconf 90' lang='lat' dir='ltr'>ideo</span> <span class='ocrx_word' id='word_1_130' title='bbox 614 2186 705 2273; x_wconf 75' lang='lat' dir='ltr'>qudd</span> <span class='ocrx_word' id='word_1_131' title='bbox 730 2183 854 2259; x_wconf 88' lang='lat' dir='ltr'>semina</span> <span class='ocrx_word' id='word_1_132' title='bbox 874 2185 1011 2275; x_wconf 84' lang='lat' dir='ltr'>poffidet</span> <span class='ocrx_word' id='word_1_133' title='bbox 1029 2185 1116 2274; x_wconf 85' lang='lat' dir='ltr'>ignis</span> 
     </span>
     <span class='ocr_line' id='line_1_21' title="bbox 241 2274 1144 2365; baseline -0.001 -17"><span class='ocrx_word' id='word_1_134' title='bbox 241 2274 371 2361; x_wconf 82' lang='lat' dir='ltr'>Multa,</span> <span class='ocrx_word' id='word_1_135' title='bbox 399 2275 547 2346; x_wconf 90' lang='lat' dir='ltr'>dolorem</span> <span class='ocrx_word' id='word_1_136' title='bbox 563 2278 666 2348; x_wconf 82' lang='lat' dir='ltr'>oculis</span> <span class='ocrx_word' id='word_1_137' title='bbox 685 2300 758 2364; x_wconf 82' lang='lat' dir='ltr'>quae</span> <span class='ocrx_word' id='word_1_138' title='bbox 777 2277 919 2365; x_wconf 84' lang='lat' dir='ltr'>gignunt</span> <span class='ocrx_word' id='word_1_139' title='bbox 938 2274 1144 2348; x_wconf 70' lang='lat' dir='ltr'>insinuando.</span> 
     </span>
     <span class='ocr_line' id='line_1_22' title="bbox 266 2364 1282 2529; baseline 0.001 -91"><span class='ocrx_word' id='word_1_140' title='bbox 266 2366 411 2510; x_wconf 43' lang='lat' dir='ltr'>‘Lurida</span> <span class='ocrx_word' id='word_1_141' title='bbox 433 2386 589 2463; x_wconf 80' lang='lat' dir='ltr'>praeterea</span> <span class='ocrx_word' id='word_1_142' title='bbox 610 2364 699 2441; x_wconf 83' lang='lat' dir='ltr'>fiunt</span> <span class='ocrx_word' id='word_1_143' title='bbox 719 2390 922 2455; x_wconf 82' lang='lat' dir='ltr'>quaecunque</span> <span class='ocrx_word' id='word_1_144' title='bbox 947 2383 1085 2445; x_wconf 81' lang='lat' dir='ltr'>tuentur</span> <span class='ocrx_word' id='word_1_145' title='bbox 1251 2454 1282 2529; x_wconf 64' lang='lat' dir='ltr'>A</span> 
     </span>
     <span class='ocr_line' id='line_1_23' title="bbox 1084 2478 1371 2545; baseline 0.021 -19"><span class='ocrx_word' id='word_1_146' title='bbox 1084 2533 1086 2538; x_wconf 67' lang='lat'>,</span> <span class='ocrx_word' id='word_1_147' title='bbox 1283 2478 1371 2545; x_wconf 81' lang='lat' dir='ltr'>tque-</span> 
     </span>
    </p>
   </div>
   <div class='ocr_carea' id='block_1_3' title="bbox 273 2594 1373 2734">
    <p class='ocr_par' dir='ltr' id='par_1_13' title="bbox 273 2594 1373 2734">
     <span class='ocr_line' id='line_1_24' title="bbox 273 2594 1373 2734; baseline 0.002 -69"><span class='ocrx_word' id='word_1_148' title='bbox 273 2626 331 2679; x_wconf 82' lang='lat'>3¹3·</span> <span class='ocrx_word' id='word_1_149' title='bbox 351 2614 560 2679; x_wconf 65' lang='lat' dir='ltr'>Affmdilarerr&#39;r,</span> <span class='ocrx_word' id='word_1_150' title='bbox 583 2614 657 2734; x_wconf 50' lang='lat' dir='ltr'>dre?</span> <span class='ocrx_word' id='word_1_151' title='bbox 675 2613 785 2678; x_wconf 81' lang='lat' dir='ltr'>Hotest,</span> <span class='ocrx_word' id='word_1_152' title='bbox 827 2612 871 2670; x_wconf 87' lang='lat' dir='ltr'>Sol</span> <span class='ocrx_word' id='word_1_153' title='bbox 889 2620 1015 2677; x_wconf 77' lang='lat' dir='ltr'>excecat,</span> <span class='ocrx_word' id='word_1_154' title='bbox 1034 2594 1219 2682; x_wconf 58' lang='lat' dir='ltr'>quoniame.</span> <span class='ocrx_word' id='word_1_155' title='bbox 1233 2620 1258 2671; x_wconf 79' lang='lat'>8.</span> <span class='ocrx_word' id='word_1_156' title='bbox 1287 2613 1373 2682; x_wconf 79' lang='lat' dir='ltr'>Splen-</span> 
     </span>
    </p>
   </div>
   <div class='ocr_carea' id='block_1_4' title="bbox 226 2679 1377 4329">
    <p class='ocr_par' dir='ltr' id='par_1_14' title="bbox 226 2679 1377 4329">
     <span class='ocr_line' id='line_1_25' title="bbox 237 2679 1373 2750; baseline 0.001 -15"><span class='ocrx_word' id='word_1_157' title='bbox 237 2683 376 2735; x_wconf 80' lang='lat' dir='ltr'>exhibeant</span> <span class='ocrx_word' id='word_1_158' title='bbox 385 2684 636 2750; x_wconf 78' lang='lat' dir='ltr'>parteslmaginisre</span> <span class='ocrx_word' id='word_1_159' title='bbox 648 2684 787 2749; x_wconf 80' lang='lat' dir='ltr'>pondentes</span> <span class='ocrx_word' id='word_1_160' title='bbox 827 2679 1373 2750; x_wconf 68' lang='lat' dir='ltr'>diuumobjeoumemitritnultaIgnisso</span> 
     </span>
     <span class='ocr_line' id='line_1_26' title="bbox 236 2749 1372 2819; baseline 0.004 -18"><span class='ocrx_word' id='word_1_161' title='bbox 236 2752 328 2804; x_wconf 85' lang='lat' dir='ltr'>iisdem</span> <span class='ocrx_word' id='word_1_162' title='bbox 346 2750 436 2804; x_wconf 86' lang='lat' dir='ltr'>nostris</span> <span class='ocrx_word' id='word_1_163' title='bbox 454 2752 587 2817; x_wconf 82' lang='lat' dir='ltr'>partibus,</span> <span class='ocrx_word' id='word_1_164' title='bbox 618 2768 711 2819; x_wconf 89' lang='lat' dir='ltr'>nempe</span> <span class='ocrx_word' id='word_1_165' title='bbox 727 2754 789 2804; x_wconf 85' lang='lat' dir='ltr'>dex·</span> <span class='ocrx_word' id='word_1_166' title='bbox 827 2752 896 2804; x_wconf 87' lang='lat' dir='ltr'>mina</span> <span class='ocrx_word' id='word_1_167' title='bbox 903 2768 958 2819; x_wconf 88' lang='lat' dir='ltr'>quae</span> <span class='ocrx_word' id='word_1_168' title='bbox 969 2750 1057 2803; x_wconf 82' lang='lat' dir='ltr'>oculos</span> <span class='ocrx_word' id='word_1_169' title='bbox 1065 2750 1194 2812; x_wconf 83' lang='lat' dir='ltr'>adruunt,</span> <span class='ocrx_word' id='word_1_170' title='bbox 1215 2749 1260 2805; x_wconf 83' lang='lat' dir='ltr'>vel</span> <span class='ocrx_word' id='word_1_171' title='bbox 1271 2750 1372 2805; x_wconf 78' lang='lat' dir='ltr'>estSen·</span> 
     </span>
     <span class='ocr_line' id='line_1_27' title="bbox 236 2815 1373 2888; baseline 0 -16"><span class='ocrx_word' id='word_1_172' title='bbox 236 2826 289 2872; x_wconf 79' lang='lat' dir='ltr'>tras</span> <span class='ocrx_word' id='word_1_173' title='bbox 300 2820 397 2871; x_wconf 83' lang='lat' dir='ltr'>dextris</span> <span class='ocrx_word' id='word_1_174' title='bbox 410 2858 417 2874; x_wconf 82' lang='lat'><strong>.</strong></span> <span class='ocrx_word' id='word_1_175' title='bbox 437 2819 513 2871; x_wconf 80' lang='lat' dir='ltr'>lavas</span> <span class='ocrx_word' id='word_1_176' title='bbox 524 2820 611 2880; x_wconf 62' lang='lat' dir='ltr'>larvis,</span> <span class='ocrx_word' id='word_1_177' title='bbox 631 2821 716 2885; x_wconf 71' lang='lat' dir='ltr'>Ferus.</span> <span class='ocrx_word' id='word_1_178' title='bbox 737 2820 789 2872; x_wconf 84' lang='lat' dir='ltr'>lm·</span> <span class='ocrx_word' id='word_1_179' title='bbox 826 2819 898 2873; x_wconf 80' lang='lat' dir='ltr'>dibile</span> <span class='ocrx_word' id='word_1_180' title='bbox 909 2835 1053 2887; x_wconf 77' lang='lat' dir='ltr'>exuperans</span> <span class='ocrx_word' id='word_1_181' title='bbox 1061 2815 1210 2881; x_wconf 70' lang='lat' dir='ltr'>sertorium,</span> <span class='ocrx_word' id='word_1_182' title='bbox 1230 2826 1308 2888; x_wconf 79' lang='lat' dir='ltr'>atque</span> <span class='ocrx_word' id='word_1_183' title='bbox 1321 2820 1373 2873; x_wconf 84' lang='lat' dir='ltr'>ideo</span> 
     </span>
     <span class='ocr_line' id='line_1_28' title="bbox 235 2884 1374 2956; baseline 0 -18"><span class='ocrx_word' id='word_1_184' title='bbox 235 2884 327 2951; x_wconf 72' lang='lat' dir='ltr'>perite.</span> <span class='ocrx_word' id='word_1_185' title='bbox 350 2886 398 2939; x_wconf 85' lang='lat' dir='ltr'>lsta</span> <span class='ocrx_word' id='word_1_186' title='bbox 409 2888 476 2940; x_wconf 89' lang='lat' dir='ltr'>enim</span> <span class='ocrx_word' id='word_1_187' title='bbox 479 2890 577 2953; x_wconf 83' lang='lat' dir='ltr'>flexura</span> <span class='ocrx_word' id='word_1_188' title='bbox 588 2888 699 2953; x_wconf 70' lang='lat' dir='ltr'>adfimilir</span> <span class='ocrx_word' id='word_1_189' title='bbox 708 2892 789 2940; x_wconf 66' lang='lat' dir='ltr'>lateris</span> <span class='ocrx_word' id='word_1_190' title='bbox 826 2889 984 2953; x_wconf 87' lang='lat' dir='ltr'>corrumpit,</span> <span class='ocrx_word' id='word_1_191' title='bbox 1006 2886 1075 2956; x_wconf 79' lang='lat' dir='ltr'>qudd</span> <span class='ocrx_word' id='word_1_192' title='bbox 1091 2884 1169 2955; x_wconf 83' lang='lat' dir='ltr'>ipfius</span> <span class='ocrx_word' id='word_1_193' title='bbox 1181 2894 1315 2942; x_wconf 80' lang='lat' dir='ltr'>texturam</span> <span class='ocrx_word' id='word_1_194' title='bbox 1330 2884 1374 2940; x_wconf 84' lang='lat' dir='ltr'>[ol-</span> 
     </span>
     <span class='ocr_line' id='line_1_29' title="bbox 235 2952 1374 3028; baseline 0.004 -24"><span class='ocrx_word' id='word_1_195' title='bbox 235 2953 309 3015; x_wconf 70' lang='lat' dir='ltr'>nostri</span> <span class='ocrx_word' id='word_1_196' title='bbox 318 2954 349 3004; x_wconf 86' lang='lat' dir='ltr'>ad</span> <span class='ocrx_word' id='word_1_197' title='bbox 360 2952 442 3019; x_wconf 88' lang='lat' dir='ltr'>ipsum</span> <span class='ocrx_word' id='word_1_198' title='bbox 460 2956 599 3021; x_wconf 87' lang='lat' dir='ltr'>Speculum</span> <span class='ocrx_word' id='word_1_199' title='bbox 608 2958 738 3022; x_wconf 83' lang='lat' dir='ltr'>pertinet,</span> <span class='ocrx_word' id='word_1_200' title='bbox 761 2958 787 3011; x_wconf 72' lang='grc' dir='ltr'>δι</span> <span class='ocrx_word' id='word_1_201' title='bbox 825 2973 889 3009; x_wconf 85' lang='lat' dir='ltr'>vens</span> <span class='ocrx_word' id='word_1_202' title='bbox 911 2956 1022 3010; x_wconf 82' lang='lat' dir='ltr'>debitam</span> <span class='ocrx_word' id='word_1_203' title='bbox 1038 2957 1069 3011; x_wconf 85' lang='lat' dir='ltr'>in</span> <span class='ocrx_word' id='word_1_204' title='bbox 1093 2972 1124 3028; x_wconf 71' lang='lat' dir='ltr'>eo</span> <span class='ocrx_word' id='word_1_205' title='bbox 1143 2956 1297 3022; x_wconf 82' lang='lat' dir='ltr'>temperiem</span> <span class='ocrx_word' id='word_1_206' title='bbox 1310 2972 1374 3010; x_wconf 86' lang='lat' dir='ltr'>oon·</span> 
     </span>
     <span class='ocr_line' id='line_1_30' title="bbox 235 3020 1374 3093; baseline 0.004 -20"><span class='ocrx_word' id='word_1_207' title='bbox 235 3022 303 3088; x_wconf 80' lang='lat' dir='ltr'>idem</span> <span class='ocrx_word' id='word_1_208' title='bbox 321 3020 445 3090; x_wconf 77' lang='lat' dir='ltr'>fignificat</span> <span class='ocrx_word' id='word_1_209' title='bbox 463 3026 530 3092; x_wconf 89' lang='lat' dir='ltr'>quod</span> <span class='ocrx_word' id='word_1_210' title='bbox 538 3025 616 3077; x_wconf 82' lang='lat' dir='ltr'>Flexa</span> <span class='ocrx_word' id='word_1_211' title='bbox 626 3025 720 3092; x_wconf 82' lang='lat' dir='ltr'>Figura</span> <span class='ocrx_word' id='word_1_212' title='bbox 731 3026 789 3093; x_wconf 84' lang='lat' dir='ltr'>Spe·</span> <span class='ocrx_word' id='word_1_213' title='bbox 825 3021 1092 3093; x_wconf 86' lang='lat' dir='ltr'>mensurationemque</span> <span class='ocrx_word' id='word_1_214' title='bbox 1109 3032 1259 3091; x_wconf 87' lang='lat' dir='ltr'>pervertat,</span> <span class='ocrx_word' id='word_1_215' title='bbox 1290 3042 1319 3079; x_wconf 84' lang='lat' dir='ltr'>ac</span> <span class='ocrx_word' id='word_1_216' title='bbox 1335 3025 1374 3077; x_wconf 86' lang='lat' dir='ltr'>de-</span> 
     </span>
     <span class='ocr_line' id='line_1_31' title="bbox 235 3090 1374 3174; baseline 0.002 -31"><span class='ocrx_word' id='word_1_217' title='bbox 235 3093 300 3154; x_wconf 76' lang='lat' dir='ltr'>tuli,</span> <span class='ocrx_word' id='word_1_218' title='bbox 321 3108 347 3143; x_wconf 87' lang='lat' dir='ltr'>v.</span> <span class='ocrx_word' id='word_1_219' title='bbox 362 3101 419 3153; x_wconf 76' lang='lat'>318.</span> <span class='ocrx_word' id='word_1_220' title='bbox 479 3163 484 3173; x_wconf 91' lang='lat'>.</span> <span class='ocrx_word' id='word_1_221' title='bbox 549 3162 554 3173; x_wconf 91' lang='lat'><em>.</em></span> <span class='ocrx_word' id='word_1_222' title='bbox 767 3162 773 3174; x_wconf 31' lang='grc' dir='ltr'>ι</span> <span class='ocrx_word' id='word_1_223' title='bbox 824 3092 922 3154; x_wconf 86' lang='lat' dir='ltr'>struat,</span> <span class='ocrx_word' id='word_1_224' title='bbox 942 3093 1045 3172; x_wconf 36' lang='lat' dir='ltr'>ad&#39;cout</span> <span class='ocrx_word' id='word_1_225' title='bbox 1061 3090 1292 3173; x_wconf 73' lang='lat' dir='ltr'>aliisseusrhilibus</span> <span class='ocrx_word' id='word_1_226' title='bbox 1307 3094 1374 3147; x_wconf 83' lang='lat' dir='ltr'>dein-</span> 
     </span>
     <span class='ocr_line' id='line_1_32' title="bbox 235 3159 1373 3300; baseline 0.002 -17"><span class='ocrx_word' id='word_1_227' title='bbox 235 3159 787 3297; x_wconf 54' lang='lat' dir='ltr'>v.r.anrrnnnmnnn</span> <span class='ocrx_word' id='word_1_228' title='bbox 823 3162 1373 3300; x_wconf 59' lang='lat' dir='ltr'>rr,annaneane</span> 
     </span>
     <span class='ocr_line' id='line_1_33' title="bbox 235 3296 1373 3367; baseline 0.001 -16"><span class='ocrx_word' id='word_1_229' title='bbox 235 3296 367 3352; x_wconf 86' lang='lat' dir='ltr'>nobiscum</span> <span class='ocrx_word' id='word_1_230' title='bbox 378 3300 505 3357; x_wconf 80' lang='lat' dir='ltr'>incedere,</span> <span class='ocrx_word' id='word_1_231' title='bbox 517 3299 681 3367; x_wconf 83' lang='lat' dir='ltr'>nostrumque</span> <span class='ocrx_word' id='word_1_232' title='bbox 689 3296 785 3365; x_wconf 79' lang='lat' dir='ltr'>gestum</span> <span class='ocrx_word' id='word_1_233' title='bbox 875 3300 1026 3352; x_wconf 83' lang='lat' dir='ltr'>Democritus</span> <span class='ocrx_word' id='word_1_234' title='bbox 1044 3299 1166 3353; x_wconf 71' lang='lat' dir='ltr'>audaeus</span> <span class='ocrx_word' id='word_1_235' title='bbox 1186 3299 1301 3367; x_wconf 74' lang='lat' dir='ltr'>Phfficrer</span> <span class='ocrx_word' id='word_1_236' title='bbox 1316 3300 1373 3353; x_wconf 80' lang='lat' dir='ltr'>ru·-</span> 
     </span>
     <span class='ocr_line' id='line_1_34' title="bbox 234 3365 1026 3435; baseline 0.001 -16"><span class='ocrx_word' id='word_1_237' title='bbox 234 3368 349 3431; x_wconf 84' lang='lat' dir='ltr'>imitari‚</span> <span class='ocrx_word' id='word_1_238' title='bbox 370 3370 491 3435; x_wconf 87' lang='lat' dir='ltr'>quoniam</span> <span class='ocrx_word' id='word_1_239' title='bbox 501 3384 550 3435; x_wconf 88' lang='lat' dir='ltr'>qua</span> <span class='ocrx_word' id='word_1_240' title='bbox 562 3369 592 3422; x_wconf 91' lang='lat' dir='ltr'>de</span> <span class='ocrx_word' id='word_1_241' title='bbox 600 3376 672 3435; x_wconf 86' lang='lat' dir='ltr'>parte</span> <span class='ocrx_word' id='word_1_242' title='bbox 683 3365 787 3433; x_wconf 84' lang='lat' dir='ltr'>Specnli</span> <span class='ocrx_word' id='word_1_243' title='bbox 910 3367 1026 3433; x_wconf 75' lang='lat' dir='ltr'>‚losopuur</span> 
     </span>
     <span class='ocr_line' id='line_1_35' title="bbox 234 3433 1373 3505; baseline 0.003 -19"><span class='ocrx_word' id='word_1_244' title='bbox 234 3438 394 3499; x_wconf 83' lang='lat' dir='ltr'>recedamus,</span> <span class='ocrx_word' id='word_1_245' title='bbox 410 3437 492 3491; x_wconf 90' lang='lat' dir='ltr'>statim</span> <span class='ocrx_word' id='word_1_246' title='bbox 501 3454 534 3490; x_wconf 85' lang='lat' dir='ltr'>en</span> <span class='ocrx_word' id='word_1_247' title='bbox 545 3454 574 3490; x_wconf 89' lang='lat' dir='ltr'>ea</span> <span class='ocrx_word' id='word_1_248' title='bbox 582 3437 787 3505; x_wconf 79' lang='lat' dir='ltr'>lmagonequeat</span> <span class='ocrx_word' id='word_1_249' title='bbox 877 3436 984 3503; x_wconf 74' lang='lat' dir='ltr'>clypeum</span> <span class='ocrx_word' id='word_1_250' title='bbox 1008 3433 1130 3501; x_wconf 70' lang='lat' dir='ltr'>constituit</span> <span class='ocrx_word' id='word_1_251' title='bbox 1156 3445 1240 3489; x_wconf 78' lang='lat' dir='ltr'>centra</span> <span class='ocrx_word' id='word_1_252' title='bbox 1268 3442 1373 3489; x_wconf 71' lang='lat' dir='ltr'>exertum</span> 
     </span>
     <span class='ocr_line' id='line_1_36' title="bbox 234 3504 1081 3573; baseline 0.004 -18"><span class='ocrx_word' id='word_1_253' title='bbox 234 3504 350 3566; x_wconf 83' lang='lat' dir='ltr'>reverti,</span> <span class='ocrx_word' id='word_1_254' title='bbox 370 3522 430 3557; x_wconf 87' lang='lat' dir='ltr'>nam</span> <span class='ocrx_word' id='word_1_255' title='bbox 446 3521 603 3573; x_wconf 80' lang='lat' dir='ltr'>quacunque</span> <span class='ocrx_word' id='word_1_256' title='bbox 616 3505 646 3557; x_wconf 81' lang='lat' dir='ltr'>ab</span> <span class='ocrx_word' id='word_1_257' title='bbox 662 3504 787 3558; x_wconf 83' lang='lat' dir='ltr'>rebusSi-</span> <span class='ocrx_word' id='word_1_258' title='bbox 923 3504 1081 3571; x_wconf 68' lang='lat' dir='ltr'>Hyperiouirr</span> 
     </span>
     <span class='ocr_line' id='line_1_37' title="bbox 234 3570 1370 3641; baseline 0 -17"><span class='ocrx_word' id='word_1_259' title='bbox 234 3572 367 3624; x_wconf 87' lang='lat' dir='ltr'>mulachra</span> <span class='ocrx_word' id='word_1_260' title='bbox 386 3575 544 3637; x_wconf 86' lang='lat' dir='ltr'>mittuntur,</span> <span class='ocrx_word' id='word_1_261' title='bbox 572 3591 602 3627; x_wconf 86' lang='lat' dir='ltr'>ea</span> <span class='ocrx_word' id='word_1_262' title='bbox 616 3575 648 3627; x_wconf 84' lang='lat' dir='ltr'>ad</span> <span class='ocrx_word' id='word_1_263' title='bbox 665 3590 748 3641; x_wconf 81' lang='lat' dir='ltr'>aequos</span> <span class='ocrx_word' id='word_1_264' title='bbox 760 3574 786 3627; x_wconf 79' lang='lat' dir='ltr'>de</span> <span class='ocrx_word' id='word_1_265' title='bbox 875 3574 958 3627; x_wconf 83' lang='lat' dir='ltr'>Ocrdos</span> <span class='ocrx_word' id='word_1_266' title='bbox 968 3572 1099 3639; x_wconf 72' lang='lat' dir='ltr'>effidereut</span> <span class='ocrx_word' id='word_1_267' title='bbox 1109 3570 1370 3640; x_wconf 73' lang='lat' dir='ltr'>pfftsplmdoreaeree,</span> 
     </span>
     <span class='ocr_line' id='line_1_38' title="bbox 234 3640 1369 3710; baseline 0.001 -18"><span class='ocrx_word' id='word_1_268' title='bbox 234 3657 309 3707; x_wconf 83' lang='lat' dir='ltr'>pares</span> <span class='ocrx_word' id='word_1_269' title='bbox 326 3640 434 3708; x_wconf 83' lang='lat' dir='ltr'>angulos</span> <span class='ocrx_word' id='word_1_270' title='bbox 454 3640 620 3703; x_wconf 81' lang='lat' dir='ltr'>referunt1n3</span> <span class='ocrx_word' id='word_1_271' title='bbox 640 3643 730 3710; x_wconf 83' lang='lat' dir='ltr'>ltaque</span> <span class='ocrx_word' id='word_1_272' title='bbox 742 3659 790 3708; x_wconf 84' lang='lat' dir='ltr'>ap·</span> <span class='ocrx_word' id='word_1_273' title='bbox 872 3642 994 3695; x_wconf 75' lang='lat' dir='ltr'>Iteradir&#39;r</span> <span class='ocrx_word' id='word_1_274' title='bbox 1006 3644 1069 3695; x_wconf 85' lang='lat' dir='ltr'>Solr&#39;e</span> <span class='ocrx_word' id='word_1_275' title='bbox 1079 3646 1153 3695; x_wconf 82' lang='lat' dir='ltr'>aciem</span> <span class='ocrx_word' id='word_1_276' title='bbox 1162 3640 1242 3709; x_wconf 65' lang='lat' dir='ltr'>effodit</span> <span class='ocrx_word' id='word_1_277' title='bbox 1253 3641 1369 3694; x_wconf 69' lang='lat' dir='ltr'>lumini.</span> 
     </span>
     <span class='ocr_line' id='line_1_39' title="bbox 233 3707 1369 3833; baseline -0.001 -71"><span class='ocrx_word' id='word_1_278' title='bbox 233 3707 313 3776; x_wconf 82' lang='lat' dir='ltr'>pofite</span> <span class='ocrx_word' id='word_1_279' title='bbox 324 3710 349 3761; x_wconf 92' lang='lat' dir='ltr'>id</span> <span class='ocrx_word' id='word_1_280' title='bbox 358 3708 438 3765; x_wconf 82' lang='lat' dir='ltr'>refert</span> <span class='ocrx_word' id='word_1_281' title='bbox 447 3711 477 3762; x_wconf 86' lang='lat' dir='ltr'>ad</span> <span class='ocrx_word' id='word_1_282' title='bbox 488 3711 599 3764; x_wconf 81' lang='lat' dir='ltr'>variatas</span> <span class='ocrx_word' id='word_1_283' title='bbox 612 3711 716 3778; x_wconf 82' lang='lat' dir='ltr'>Specnli</span> <span class='ocrx_word' id='word_1_284' title='bbox 726 3727 783 3778; x_wconf 87' lang='lat' dir='ltr'>par·</span> <span class='ocrx_word' id='word_1_285' title='bbox 857 3717 915 3776; x_wconf 80' lang='lat'>326.</span> <span class='ocrx_word' id='word_1_286' title='bbox 939 3708 1076 3833; x_wconf 55' lang='lat' dir='ltr'>Tendere?</span> <span class='ocrx_word' id='word_1_287' title='bbox 1095 3708 1206 3775; x_wconf 77' lang='lat' dir='ltr'>oculor,</span> <span class='ocrx_word' id='word_1_288' title='bbox 1227 3710 1282 3763; x_wconf 84' lang='lat' dir='ltr'>viz.</span> <span class='ocrx_word' id='word_1_289' title='bbox 1320 3708 1369 3764; x_wconf 80' lang='lat' dir='ltr'>Alii</span> 
     </span>
     <span class='ocr_line' id='line_1_40' title="bbox 233 3778 1257 3846; baseline -0.001 -14"><span class='ocrx_word' id='word_1_290' title='bbox 233 3786 282 3841; x_wconf 61' lang='lat' dir='ltr'>tex,</span> <span class='ocrx_word' id='word_1_291' title='bbox 296 3796 327 3832; x_wconf 84' lang='lat' dir='ltr'>ex</span> <span class='ocrx_word' id='word_1_292' title='bbox 336 3779 428 3846; x_wconf 86' lang='lat' dir='ltr'>quibus</span> <span class='ocrx_word' id='word_1_293' title='bbox 437 3779 494 3831; x_wconf 81' lang='lat' dir='ltr'>aliis</span> <span class='ocrx_word' id='word_1_294' title='bbox 506 3796 535 3831; x_wconf 88' lang='lat' dir='ltr'>ac</span> <span class='ocrx_word' id='word_1_295' title='bbox 546 3778 603 3832; x_wconf 83' lang='lat' dir='ltr'>aliis</span> <span class='ocrx_word' id='word_1_296' title='bbox 615 3778 782 3833; x_wconf 72' lang='lat' dir='ltr'>necessarium</span> <span class='ocrx_word' id='word_1_297' title='bbox 824 3780 963 3842; x_wconf 75' lang='lat' dir='ltr'>Intendere,</span> <span class='ocrx_word' id='word_1_298' title='bbox 984 3782 1011 3833; x_wconf 72' lang='lat' dir='ltr'>de</span> <span class='ocrx_word' id='word_1_299' title='bbox 1021 3780 1054 3833; x_wconf 88' lang='lat' dir='ltr'>Gi</span> <span class='ocrx_word' id='word_1_300' title='bbox 1067 3782 1141 3834; x_wconf 84' lang='lat' dir='ltr'>onius</span> <span class='ocrx_word' id='word_1_301' title='bbox 1153 3781 1257 3831; x_wconf 79' lang='lat' dir='ltr'>Cernere.</span> 
     </span>
     <span class='ocr_line' id='line_1_41' title="bbox 233 3844 1375 3968; baseline -0.001 -68"><span class='ocrx_word' id='word_1_302' title='bbox 233 3847 269 3900; x_wconf 83' lang='lat' dir='ltr'>est</span> <span class='ocrx_word' id='word_1_303' title='bbox 289 3848 456 3901; x_wconf 79' lang='lat' dir='ltr'>reflexionem</span> <span class='ocrx_word' id='word_1_304' title='bbox 475 3849 502 3900; x_wconf 92' lang='lat' dir='ltr'>in</span> <span class='ocrx_word' id='word_1_305' title='bbox 525 3848 630 3901; x_wconf 90' lang='lat' dir='ltr'>oculum</span> <span class='ocrx_word' id='word_1_306' title='bbox 657 3847 729 3912; x_wconf 85' lang='lat' dir='ltr'>fieri,</span> <span class='ocrx_word' id='word_1_307' title='bbox 754 3866 782 3901; x_wconf 89' lang='lat' dir='ltr'>ac</span> <span class='ocrx_word' id='word_1_308' title='bbox 857 3862 914 3914; x_wconf 83' lang='lat'>333.</span> <span class='ocrx_word' id='word_1_309' title='bbox 937 3848 1029 3903; x_wconf 74' lang='lat' dir='ltr'>lurida</span> <span class='ocrx_word' id='word_1_310' title='bbox 1045 3860 1178 3916; x_wconf 65' lang='lat' dir='ltr'>praterea,</span> <span class='ocrx_word' id='word_1_311' title='bbox 1198 3844 1283 3968; x_wconf 65' lang='grc' dir='ltr'>8ιαῖ</span> <span class='ocrx_word' id='word_1_312' title='bbox 1312 3845 1375 3899; x_wconf 73' lang='lat' dir='ltr'>ldae·</span> 
     </span>
     <span class='ocr_line' id='line_1_42' title="bbox 233 3916 1374 3985; baseline 0.001 -18"><span class='ocrx_word' id='word_1_313' title='bbox 233 3917 343 3983; x_wconf 84' lang='lat' dir='ltr'>proinde</span> <span class='ocrx_word' id='word_1_314' title='bbox 354 3918 494 3983; x_wconf 76' lang='lat' dir='ltr'>Imaginem</span> <span class='ocrx_word' id='word_1_315' title='bbox 504 3918 623 3984; x_wconf 81' lang='lat' dir='ltr'>progredi</span> <span class='ocrx_word' id='word_1_316' title='bbox 633 3918 723 3970; x_wconf 88' lang='lat' dir='ltr'>videri.</span> <span class='ocrx_word' id='word_1_317' title='bbox 822 3918 882 3970; x_wconf 85' lang='lat' dir='ltr'>rieis</span> <span class='ocrx_word' id='word_1_318' title='bbox 893 3918 980 3971; x_wconf 84' lang='lat' dir='ltr'>omnia</span> <span class='ocrx_word' id='word_1_319' title='bbox 998 3917 1099 3982; x_wconf 65' lang='lat' dir='ltr'>objecta</span> <span class='ocrx_word' id='word_1_320' title='bbox 1120 3923 1246 3985; x_wconf 78' lang='lat' dir='ltr'>apparent</span> <span class='ocrx_word' id='word_1_321' title='bbox 1284 3916 1374 3978; x_wconf 79' lang='lat' dir='ltr'>urida,</span> 
     </span>
     <span class='ocr_line' id='line_1_43' title="bbox 269 3979 1377 4056; baseline 0.004 -22"><span class='ocrx_word' id='word_1_322' title='bbox 269 3998 325 4049; x_wconf 80' lang='lat'>322.</span> <span class='ocrx_word' id='word_1_323' title='bbox 348 3987 476 4051; x_wconf 81' lang='lat' dir='ltr'>Nequeunt</span> <span class='ocrx_word' id='word_1_324' title='bbox 498 3986 601 4052; x_wconf 79' lang='lat' dir='ltr'>illine.)</span> <span class='ocrx_word' id='word_1_325' title='bbox 646 3986 786 4039; x_wconf 85' lang='lat' dir='ltr'>Lambinus</span> <span class='ocrx_word' id='word_1_326' title='bbox 822 3987 897 4053; x_wconf 86' lang='lat' dir='ltr'>quia,</span> <span class='ocrx_word' id='word_1_327' title='bbox 919 3987 972 4041; x_wconf 88' lang='lat' dir='ltr'>viz.</span> <span class='ocrx_word' id='word_1_328' title='bbox 991 4002 1019 4039; x_wconf 86' lang='lat' dir='ltr'>v.</span> <span class='ocrx_word' id='word_1_329' title='bbox 1031 4003 1056 4052; x_wconf 86' lang='lat'>5.</span> <span class='ocrx_word' id='word_1_330' title='bbox 1076 3986 1162 4041; x_wconf 89' lang='lat' dir='ltr'>lurida</span> <span class='ocrx_word' id='word_1_331' title='bbox 1178 3983 1262 4039; x_wconf 83' lang='lat' dir='ltr'>multa</span> <span class='ocrx_word' id='word_1_332' title='bbox 1281 3979 1377 4056; x_wconf 74' lang='lat' dir='ltr'>semiue</span> 
     </span>
     <span class='ocr_line' id='line_1_44' title="bbox 226 4052 1377 4121; baseline -0.002 -14"><span class='ocrx_word' id='word_1_333' title='bbox 226 4052 366 4121; x_wconf 76' lang='lat' dir='ltr'>‘Nequeunt</span> <span class='ocrx_word' id='word_1_334' title='bbox 375 4056 450 4111; x_wconf 82' lang='lat' dir='ltr'>idue,</span> <span class='ocrx_word' id='word_1_335' title='bbox 472 4071 526 4121; x_wconf 83' lang='lat' dir='ltr'>quae</span> <span class='ocrx_word' id='word_1_336' title='bbox 537 4054 612 4107; x_wconf 74' lang='lat' dir='ltr'>ledia</span> <span class='ocrx_word' id='word_1_337' title='bbox 623 4055 724 4107; x_wconf 86' lang='lat' dir='ltr'>admitti</span> <span class='ocrx_word' id='word_1_338' title='bbox 734 4072 785 4107; x_wconf 86' lang='lat' dir='ltr'>non</span> <span class='ocrx_word' id='word_1_339' title='bbox 821 4055 852 4107; x_wconf 85' lang='lat' dir='ltr'>ab</span> <span class='ocrx_word' id='word_1_340' title='bbox 862 4056 976 4108; x_wconf 70' lang='lat' dir='ltr'>ldierieis</span> <span class='ocrx_word' id='word_1_341' title='bbox 985 4055 1073 4110; x_wconf 89' lang='lat' dir='ltr'>fluunt</span> <span class='ocrx_word' id='word_1_342' title='bbox 1085 4093 1094 4119; x_wconf 91' lang='lat'>,</span> <span class='ocrx_word' id='word_1_343' title='bbox 1114 4057 1140 4110; x_wconf 79' lang='lat' dir='ltr'>dt</span> <span class='ocrx_word' id='word_1_344' title='bbox 1148 4053 1377 4108; x_wconf 82' lang='lat' dir='ltr'>uenientiar&#39;erum</span> 
     </span>
     <span class='ocr_line' id='line_1_45' title="bbox 233 4121 1377 4192; baseline -0.002 -16"><span class='ocrx_word' id='word_1_345' title='bbox 233 4122 332 4191; x_wconf 86' lang='lat' dir='ltr'>potest,</span> <span class='ocrx_word' id='word_1_346' title='bbox 355 4122 457 4175; x_wconf 74' lang='lat' dir='ltr'>Remitte·</span> <span class='ocrx_word' id='word_1_347' title='bbox 468 4122 607 4177; x_wconf 85' lang='lat' dir='ltr'>Gaffendus</span> <span class='ocrx_word' id='word_1_348' title='bbox 619 4140 665 4189; x_wconf 91' lang='lat' dir='ltr'>pro</span> <span class='ocrx_word' id='word_1_349' title='bbox 675 4123 785 4176; x_wconf 80' lang='lat' dir='ltr'>Reverti.</span> <span class='ocrx_word' id='word_1_350' title='bbox 822 4123 1117 4192; x_wconf 63' lang='lat' dir='ltr'>murmurmurmur,</span> <span class='ocrx_word' id='word_1_351' title='bbox 1137 4121 1228 4178; x_wconf 78' lang='lat' dir='ltr'>saltem</span> <span class='ocrx_word' id='word_1_352' title='bbox 1244 4123 1273 4177; x_wconf 90' lang='lat' dir='ltr'>iu</span> <span class='ocrx_word' id='word_1_353' title='bbox 1288 4121 1377 4177; x_wconf 79' lang='lat' dir='ltr'>oculos</span> 
     </span>
     <span class='ocr_line' id='line_1_46' title="bbox 232 4190 1089 4329; baseline 0.002 -16"><span class='ocrx_word' id='word_1_354' title='bbox 232 4190 786 4329; x_wconf 48' lang='lat' dir='ltr'>aa{addd‘ndsszr,darida</span> <span class='ocrx_word' id='word_1_355' title='bbox 819 4191 1089 4248; x_wconf 64' lang='lat' dir='ltr'>amararum.</span> 
     </span>
     <span class='ocr_line' id='line_1_47' title="bbox 738 4297 888 4326; baseline 0 -25"><span class='ocrx_word' id='word_1_356' title='bbox 738 4297 745 4326; x_wconf 68' lang='lat'>‚</span> <span class='ocrx_word' id='word_1_357' title='bbox 887 4297 888 4301; x_wconf 72' lang='grc'>,</span> 
     </span>
    </p>
   </div>
   <div class='ocr_carea' id='block_1_5' title="bbox 0 0 1580 4967">
    <p class='ocr_par' dir='ltr' id='par_1_15' title="bbox 0 0 1580 4967">
     <span class='ocr_line' id='line_1_48' title="bbox 0 0 1580 4967; baseline 0 4"><span class='ocrx_word' id='word_1_358' title='bbox 0 0 1580 4967; x_wconf 95' lang='lat' dir='ltr'> </span> 
     </span>
    </p>
   </div>
  </div>
 </body>
</html>
