3150 4967
226 450 297 530 336
597 435 644 517 T.
680 434 988 518 LUCRETII

223 600 384 692 Efficere,
407 600 591 692 usqueadeo
612 603 738 692 pollens
758 603 888 675 lervore
912 599 1067 676 corusooe

223 696 336 769 Tanto
356 693 513 764 mobilior
531 695 583 765 vis
593 744 607 781 ,
632 694 908 766 &dominantior
926 691 999 765 haec
1019 692 1076 765 est.

267 784 372 858 Nune
392 807 430 854 ea
448 807 515 872 qno
533 787 629 870 parto
647 784 844 872 gignantur,
874 785 907 854 ἃ
933 783 1057 870 impete
1082 796 1179 855 tanto

223 874 341 957 Fiant,
365 891 405 945 ut
425 869 548 959 pollint
565 873 636 944 istu
657 868 836 943 discludere
861 872 1020 956 Tuneis,

222 962 416 1035 Diliurbare
435 961 576 1047 domos,
603 962 742 1032 avellere
761 962 876 1048 tigna,
904 956 1115 1048 trabeisque,

164 1121 168 1128 .
223 1054 267 1125 Et
283 1052 506 1124 Monumenta
525 1051 638 1121 viriam
659 1049 837 1136 demoliri,
862 1067 961 1138 atque
981 1051 1087 1135 ciere,

223 1141 420 1215 Exanimare
438 1140 625 1225 Homines,
653 1138 799 1212 Pecudes
822 1137 1023 1226 prosternere
1042 1135 1179 1226 paffime

225 1233 354 1303 Caetera
371 1228 412 1301 de
432 1251 549 1320 genere
570 1226 637 1299 hoc
660 1251 724 1315 qua
747 1230 783 1299 vi
800 1225 904 1302 facere
927 1228 1040 1299 omnia
1060 1224 1207 1315 polsmt,

223 1319 424 1407 Expediam‚
449 1341 556 1404 neque
577 1318 628 1391 Te
651 1316 688 1389 in
728 1316 869 1389 romiffis
892 1317 987 1405 plura
1009 1317 1177 1389 morabor.
1345 1341 1348 1380 ;

269 1410 423 1481 Fulmina
442 1408 567 1495 gignier
587 1406 606 1478 ὲ
624 1414 688 1478 erat
703 1432 754 1493 rs,
779 1406 906 1494 alteque
922 1403 1150 1492 putandum'st
1281 1417 1324 1492 Μ

224 1496 382 1571 Nubibus
403 1495 593 1569 exstrueris:
620 1520 698 1567 nam
718 1496 802 1567 ooelo
819 1496 912 1566 nulla
930 1491 1068 1580 sereno,
1320 1527 1364 1568 ma

224 1589 300 1660 Nec
317 1587 432 1657 leviter
454 1582 560 1658 densrs
580 1586 760 1658 mittuntur
780 1585 928 1655 nubibus
949 1608 1110 1672 unquam.

224 1675 316 1749 Nam
337 1674 440 1746 dubio
459 1676 575 1763 procul
596 1673 662 1748 hoc
686 1672 758 1746 fieri
776 1671 946 1745 manifesta
967 1673 1063 1744 docet
1082 1698 1157 1761 res,

225 1764 330 1853 Qrbd
348 1782 430 1836 tunc
451 1788 509 1852 per
530 1782 641 1835 totum
664 1760 875 1836 oonerescunt
900 1767 981 1834 Aera
1000 1763 1108 1834 nubes
1344 1807 1359 1853 3,

226 1854 402 1943 Undique,
427 1855 478 1926 uti
499 1854 648 1925 tenebras
670 1853 801 1941 omneis
822 1849 1011 1924 Acherunta
1028 1874 1164 1925 reamur
1283 1859 1348 1940 nt-

224 1940 385 2031 Liquilse‚
412 1946 445 2014 &
465 1967 600 2032 magnas
622 1944 695 2014 coeli
723 1939 890 2030 eomplilse
914 1964 1091 2022 cavemus:
1346 1984 1348 1988 -

225 2031 417 2118 Usqueadeo
440 2051 525 2103 tetra
549 2031 742 2104 nimborum
768 2035 866 2103 noete
888 2048 1002 2102 coorta

224 2121 420 2207 Impendent
437 2139 515 2192 atrae
536 2118 722 2193 formidinis
741 2145 799 2192 ora
817 2117 974 2207 superne,

226 2210 314 2283 Ciam
335 2211 520 2281 commoliri
541 2209 713 2299 tempestas
735 2211 890 2282 Fulmina
907 2225 1037 2297 coeptat.
1301 2263 1304 2270 .

188 2356 190 2361 -
269 2300 450 2384 Praeterea,
479 2296 618 2387 persaepe
640 2301 733 2388 niger
753 2323 886 2392 quoque
908 2322 967 2385 per
984 2321 1076 2369 mare
1097 2296 1266 2386 Nimbus,
1288 2301 1334 2384 ²51
1360 2337 1364 2377 2

226 2391 277 2464 Ut
299 2390 380 2477 picis
402 2389 421 2459 ὲ
440 2389 523 2460 coelo
543 2385 717 2460 demissum
734 2388 880 2473 flumen,
906 2389 943 2458 in
961 2387 1068 2460 undas
1362 2401 1364 2420 '

225 2479 279 2553 Sic
296 2478 381 2549 cadit
391 2530 403 2565 ,
430 2475 583 2551 &fertur
601 2479 745 2551 tenebris
765 2478 901 2565 procul,
930 2479 962 2549 ἃ
980 2474 1083 2548 trahit
1102 2492 1210 2548 attam

224 2568 433 2644 Fulminibus
454 2569 623 2657 gravidam
644 2567 892 2658 tempestatem,
916 2583 1014 2654 atque
1034 2566 1207 2655 procellis,

1275 2641 1364 2743 lgni²

260 2950 319 3010 236.
339 2943 465 3011 Pellem.)
482 2938 727 3007 scortantium,
748 2944 775 2997 ἀ
811 2944 897 2997 dinem
913 2940 1023 3008 abeant,
1051 2939 1095 2997 vel
1109 2940 1138 2996 in
1153 2940 1270 3000 Imbreus
1280 2933 1343 2997 didd-

226 3012 311 3068 valeat
337 3011 436 3067 Gisanii
460 3009 568 3076 rolens,
606 3015 632 3067 δι
656 3012 775 3066 Aliorum
811 3019 915 3067 vantur.
951 3011 1031 3076 Haec,
1052 3028 1077 3065 v.
1090 3026 1132 3077 55.

225 3083 341 3146 candens,
361 3080 405 3135 vel
421 3081 519 3145 redens,
539 3083 592 3135 viz.
613 3080 752 3135 excellens.
845 3094 904 3144 241.
929 3078 1081 3147 Demoliri.)
1099 3079 1175 3146 lllii,
1198 3078 1330 3134 Conmedri

259 3159 319 3217 238.
342 3152 417 3205 Nune
430 3167 456 3202 ea
472 3168 518 3217 quo
536 3150 605 3272 nolio
621 3154 772 3217 gignantur,
844 3162 905 3213 245.
926 3148 982 3201 Alii
998 3143 1121 3214 exstruisr's
1131 3143 1279 3217 Nubibeu.)
1295 3139 1344 3201 ibl-

225 3218 304 3287 dre.)
323 3216 390 3273 cum
402 3227 488 3273 ortum
496 3218 536 3274 Fu
549 3219 626 3272 minis
641 3218 770 3286 exquiras,
811 3215 879 3281 lius,
900 3217 1053 3285 Sepulchrum
1063 3220 1135 3271 altius
1151 3215 1290 3283 exstruere:
1305 3213 1343 3270 lit·

225 3283 411 3343 observandum
426 3286 461 3341 est
477 3304 609 3357 nunquam
626 3284 679 3341 line
698 3285 774 3338 nubi·
812 3294 860 3340 rat.
870 3285 925 3339 Sat.
940 3296 965 3340 6.
978 3285 1025 3339 lib.
1036 3284 1072 3339 11.

224 3357 273 3411 bns
291 3354 372 3411 denlis
387 3353 544 3417 fulminares
563 3353 619 3409 Nili
636 3355 705 3409 enim
714 3350 775 3421 spis·
862 3354 928 3424 Qua
936 3353 1025 3422 procul
1033 3352 1171 3408 exstruitis
1178 3356 1274 3409 inerant
1282 3351 1346 3419 bnis·

224 3423 256 3477 sae
273 3423 352 3490 essent
364 3425 466 3489 nubes,
486 3421 771 3494 atquealtdexsttuttae,
911 3441 943 3475 na
959 3421 1074 3488 canistra.

225 3508 278 3545 non
298 3491 345 3546 illa
369 3493 508 3548 Grandinis
530 3496 557 3549 de
583 3492 676 3546 Imbris
702 3493 775 3560 eopia
847 3505 907 3557 250.
932 3492 1060 3561 Undique,
1083 3490 1164 3560 dte.)
1183 3490 1244 3546 via
1257 3486 1364 3560 libila¹

226 3559 339 3614 Fulmen
362 3559 529 3630 sequeretutt
563 3560 596 3616 In
618 3560 672 3615 istis
693 3561 774 3629 igitur
814 3576 840 3615 v.
855 3574 912 3625 170.

226 3628 339 3683 nubibus
349 3632 476 3697 concipias
487 3631 601 3686 Ventum
610 3630 709 3700 pernici
720 3647 775 3684 mo·
848 3643 906 3695 257·
926 3629 969 3682 Sic
987 3627 1072 3690 eadit,
1095 3625 1241 3692 &fertur
1268 3623 1349 3683 mebi

225 3707 256 3753 tu
270 3698 481 3753 circumrotatum
497 3699 544 3752 isto
559 3708 631 3753 motu
649 3695 774 3752 calescen—
810 3694 926 3767 procul.)
943 3697 1053 3760 Fateor,
1073 3711 1158 3766 aeque
1177 3713 1221 3753 me
1237 3695 1351 3764 illium·

226 3778 296 3833 tem,
326 3769 352 3822 dr
379 3766 462 3820 multa
481 3766 552 3835 Ignis
568 3768 671 3822 Semina
687 3764 774 3822 ano-
813 3768 872 3826 det,
891 3783 944 3820 non
965 3762 1101 3833 intelligo,
1121 3765 1186 3835 quid
1205 3767 1256 3822 boe
1273 3765 1303 3821 lit
1318 3777 1352 3817 ae·

225 3838 300 3893 bibus
318 3835 372 3889 istis
394 3836 599 3903 exprimentem
618 3837 721 3891 tandem
730 3834 773 3889 vel
813 3835 897 3903 getii,
925 3835 1032 3889 Mmbus
1046 3834 1134 3901 sertrer
1150 3837 1254 3890 tenebris
1269 3833 1351 3905 poelt

226 3914 297 3961 motu
314 3903 358 3958 sno
371 3902 416 3958 vel
434 3904 466 3957 ab
476 3903 562 3972 igneis
573 3904 626 3959 istis
639 3903 773 3973 particulis
813 3904 849 3957 Le
867 3921 882 3956 o
899 3912 1003 3969 autem,
1022 3903 1153 3968 Etfertur
1168 3901 1253 3959 rme
1268 3901 1351 3972 proed?

224 3971 356 4028 accensum
377 3973 479 4041 ingenti
504 3990 563 4026 eum
584 3972 708 4043 fragore,
746 3976 772 4028 dt
813 3921 906 4026 Faber.
942 3972 999 4042 Ego
1013 3979 1099 4026 autem
1117 3971 1211 4028 videor
1224 3963 1353 4028 intellexi·

225 4043 331 4096 immani
352 4041 452 4109 impetu
473 4056 625 4108 erumpere:
664 4042 714 4097 Ista
730 4060 775 4096 au·
812 4038 855 4107 se,
877 4058 987 4109 nempe,
999 4042 1168 4108 ferturvalde
1183 4041 1313 4106 mnaso

225 4109 494 4236 nleirtnNernptionearittas
508 4111 634 4236 eontcnnne
642 4113 669 4191 st
687 4111 774 4238 ennae:-
813 4128 896 4233 enneh,
915 4108 1041 4246 pedagium
1054 4111 1085 4165 ἰὰ
1100 4112 1145 4180 qui
1159 4112 1188 4164 in
1202 4111 1281 4168 Terre

306 4196 513 4248 erumpe,
587 4196 680 4237 otu
762 4197 840 4235 -ea
893 4197 1020 4235 err.
