3150 4967
286 280 357 403 i24
654 306 699 394 T..
730 305 1084 397 tueantur.

279 472 452 560 Principiis.
471 469 496 564 li
518 471 653 545 etiam‘st
672 470 794 546 Sensus
817 474 1012 549 tribuendus
1026 495 1174 564 ,eorumt

280 564 401 649 Quid?¹
425 565 541 634 Genus
556 562 740 642 humanum
760 565 934 651 propritim
954 565 994 634 de
1016 563 1132 650 quibu’
1155 557 1284 638 finum
1300 557 1318 640 ’l

241 721 243 725 .
279 653 408 726 Scilicet
428 654 460 723 dc
480 649 546 722 risu
565 652 706 728 tremulo
730 650 881 730 vconculsa
903 651 1124 738 cathirmant‚

278 741 322 813 Et
337 742 486 827 lacrymis
508 739 663 832 spargunt
680 743 869 818 rorantibus
888 767 968 828 ora,
992 736 1182 834 genasque,

277 831 450 917 Multaque
469 830 510 901 de
529 855 640 908 rerum
659 829 793 910 mistura
811 831 917 902 dicere
936 831 1077 917 callent,

276 918 321 991 Et
343 917 402 990 fibi
422 924 581 1007 prop'orro
593 943 667 1006 quae
683 918 747 992 snit
765 921 945 1008 primordia
963 936 1129 1008 quaerunt.

323 1010 603 1101 Quandoquidem
623 1010 703 1087 totis
723 1010 919 1088 mortalibus
937 1006 1131 1087 adsimulata

275 1096 345 1187 Ipsa
364 1103 494 1187 quoque
514 1122 556 1169 ex
580 1100 651 1170 aliis
670 1098 792 1178 debent
811 1099 954 1170 constare
975 1097 1174 1176 clementias

274 1189 356 1261 lnde
375 1191 437 1259 alia
456 1214 497 1258 ex
515 1189 605 1274 aliis,
629 1181 791 1275 nusquam
812 1185 981 1266 consistere
996 1206 1038 1259 ut
1057 1184 1156 1262 aulis

274 1280 406 1373 Qrippe
426 1273 563 1365 sequar,
589 1278 809 1372 quodcunque
828 1279 856 1349 L
899 1278 956 1363 ui,
980 1274 1170 1362 Rideteque.
1188 1271 1313 1363 ὅσος.

272 1366 317 1440 Et
338 1372 474 1455 Sapere,
499 1391 541 1446 ex
562 1368 633 1437 aliis
652 1367 764 1442 eadem
783 1366 854 1445 haec
910 1364 1093 1449 cientibus,
1117 1383 1160 1436 ut
1177 1359 1233 1438 sit.

273 1455 422 1550 Qua-fi
437 1457 536 1527 delira
558 1455 650 1543 haec,
672 1452 858 1543 furiosaque
878 1456 1042 1532 cernimus
1066 1449 1154 1532 esea

272 1545 437 1618 Et'ridere
459 1544 564 1641 potest
584 1570 626 1615 ex
644 1570 714 1616 non
731 1543 907 1625 ridentibu'
921 1542 1048 1624 lidius,

271 1636 315 1710 Et
333 1633 440 1723 saporo
451 1686 462 1720 ,
483 1638 522 1706 ·&
544 1635 647 1717 doctis
661 1635 824 1715 tatianam
842 1632 975 1704 reddere
994 1631 1112 1717 distis,
1194 1635 1198 1642 '

270 1725 353 1798 Non
373 1750 414 1795 ex
434 1724 623 1801 Seminibus.
640 1722 864 1811 sapientibus,
888 1742 985 1817 atque
1006 1718 1159 1801 disertisa

271 1815 462 1903 Qiminus
482 1811 541 1884 else
561 1830 757 1901 quantem,
781 1838 855 1901 quae
873 1813 997 1896 Sentite
1016 1809 1175 1889 videmus

270 1903 457 1976 Seminibus
475 1903 628 1990 permista
651 1902 835 1974 carentibus
860 1900 1004 1988 undique
1027 1896 1162 1980 Sensus

312 1992 465 2078 Denique
487 1991 606 2063 coelesti
625 1990 737 2064 sumus
760 2016 878 2067 ornnes
896 1988 1019 2069 semine
1038 1987 1197 2064 oriundis

269 2081 440 2159 Omnibus
457 2081 512 2150 ille
524 2081 611 2151 idem
627 2083 721 2154 Pater
741 2079 808 2166 est,
832 2080 921 2154 unde
938 2079 1022 2155 alma
1038 2078 1219 2165 liquenreis
1304 2137 1307 2142 ,

267 2169 460 2248 Hunnorum
480 2187 588 2256 guttas
608 2171 716 2242 Mater
734 2194 811 2241 cum
831 2172 935 2244 Terra
950 2168 1092 2256 recepit,
1166 2193 1173 2212 ·

265 2260 358 2331 Foeta
373 2259 458 2345 parit
480 2258 599 2330 nitidas
618 2256 750 2348 fruges,
776 2257 969 2345 arbustaque
982 2256 1074 2345 laeta,

264 2349 433 2435 E't'genus
455 2346 661 2435 humanum,
687 2351 821 2437 &parit
837 2349 949 2418 omnia
967 2342 1058 2423 saecla
1078 2340 1250 2434 serarnm',

264 2438 385 2511 Pabula
407 2437 481 2508 clim
501 2438 644 2528 praebat}
669 2440 789 2527 quibus
810 2460 926 2514 omnes
947 2458 1082 2530 corpora
1093 2429 1234 2525 pascunt
1241 2484 1257 2524 2
1315 2510 1318 2522 ,

261 2762 400 2817 tiocinatnr
408 2762 511 2819 Homo:
530 2762 558 2815 Si
568 2761 629 2817 verb
638 2762 689 2815 Res
698 2737 805 2824 iidem,
841 2774 881 2827 30.
901 2759 1001 2831 egregii
1023 2762 1174 2826 concludita
1200 2761 1318 2834 colligit!

262 2831 384 2897 plorans,
406 2830 540 2899 &sapiens
556 2828 808 2898 &Principiisneque
838 2839 987 2897 argumenta
1007 2831 1114 2893 antehae
1138 2832 1265 2898 dedaste,
1288 2831 1318 2887 iu

261 2901 406 2953 ridentibus
426 2917 510 2968 neque
527 2894 706 2966 plorantibus,
726 2915 809 2967 neque
838 2906 913 2965 urget
922 2899 1045 2965 cesena,
1057 2899 1318 2958 &deiuneaotanier

158 3003 163 3020 .
260 2965 417 3035 sapientibus
438 2970 555 3048 componi
576 2966 671 3035 possit,
691 2983 737 3020 cnr
755 2983 807 3022 non
838 2967 901 3019 tiam
920 2968 951 3026 de
965 2976 1024 3021 ortu
1042 2965 1136 3028 Sensus
1160 2969 1288 3038 explicat:
1310 2970 1318 3023 l

259 3052 300 3091 res
310 3035 405 3090 senfilis
421 3034 434 3089 ὲ
447 3037 584 3103 Principiis
592 3036 694 3103 prorsus
704 3033 808 3089 nisena..
838 3034 921 3087 Terra
929 3036 1025 3089 imbres
1039 3053 1072 3090 ex
1082 3036 1192 3093 AEtlrere
1202 3036 1318 3094 descende

258 3105 349 3159 libus?
384 3105 463 3159 Aliud
488 3102 590 3171 insuper
613 3106 707 3171 premit
720 3102 806 3157 absnr-
836 3105 978 3170 receperit,
997 3103 1091 3164 fertilis
1113 3103 1160 3171 lit,
1178 3108 1247 3174 ptuit

258 3174 338 3238 dnm,
358 3172 637 3234 nominationes,
660 3172 798 3239 plorantes,
835 3172 970 3237 maurina,
991 3176 1018 3227 a
1038 3171 1158 3239 nunus,
1193 3175 1272 3230 uibus

258 3244 309 3295 &a
331 3240 345 3295 i
362 3243 508 3297 Seminibus
524 3240 683 3303 ridentibus,
700 3240 804 3307 platan·
833 3255 878 3292 nes
890 3242 916 3293 ἃ
926 3240 1032 3306 nenia,
1050 3191 1243 3308 Romania,
1259 3247 1318 3299 nntr

256 3310 344 3373 tibus,
358 3312 408 3363 &a
436 3311 589 3372 constituas,
609 3308 655 3362 ista
669 3309 746 3362 etiam
760 3308 804 3362 Se·
832 3315 884 3360 tur·
921 3309 956 3363 At
971 3308 1046 3371 Pater
1059 3310 1107 3364 ille
1124 3310 1318 3368 AEtnnlntenti

255 3380 326 3431 mina
334 3395 366 3431 ex
375 3378 433 3431 aliis
442 3377 567 3432 similibus
575 3378 800 3444 componidebent,
832 3376 929 3430 Imbres
938 3377 1219 3445 etiamdescendentes,
1232 3381 1318 3436 Tellnt

257 3447 318 3499 inde
327 3446 453 3513 procelsus
463 3449 490 3499 in
504 3446 657 3509 Infinitum,
677 3445 802 3500 necnllns
830 3444 917 3497 Mater
933 3464 985 3499 non
1001 3448 1082 3513 magis
1095 3446 1215 3503 sensilis:
1250 3447 1318 3504 uiuo*

255 3513 515 3569 soretterminusubi
528 3513 659 3568 consistere
671 3514 764 3567 valeas.
829 3512 937 3581 denique
954 3515 1083 3569 Animalia
1101 3518 1198 3583 partim
1216 3518 1247 3572 in
1267 3517 1318 3572 'AEtl

288 3596 347 3648 973.
372 3584 401 3635 Si
417 3584 522 3649 enam.)
542 3583 594 3636 Alii
611 3582 641 3634 Si
648 3585 713 3647 joan.
749 3584 800 3637 Pro
827 3581 939 3645 avolant,
959 3584 1223 3652 partimin'l'erram,
1240 3587 1291 3642 Res

253 3652 373 3714 Foliam,
393 3669 419 3705 v.
434 3666 494 3716 974.
516 3654 542 3707 a
556 3652 660 3715 Flauo
690 3669 717 3705 v.
736 3663 797 3719 985.
827 3646 869 3703 sus
883 3648 1033 3716 lirenates,
1053 3651 1221 3709 relabuntur:
1240 3655 1284 3710 Sic
1309 3669 1318 3708 t

253 3719 373 3773 Gisanins
384 3720 447 3785 legit
462 3719 566 3772 Aulium
580 3722 606 3773 dt
619 3719 730 3774 Antius:
747 3721 798 3776 Pro
826 3718 890 3771 culae
901 3736 953 3772 uno
963 3722 1037 3774 modo
1055 3719 1130 3775 nullo
1147 3720 1227 3778 Sensu
1245 3722 1318 3791 prati

251 3788 383 3852 Misturae,
403 3804 430 3841 v.
442 3801 501 3853 977.
524 3788 663 3842 Galsendus
673 3791 781 3844 Natura.
827 3787 985 3852 altomuro,
1006 3789 1108 3857 alioque
1125 3793 1215 3846 ordine
1230 3785 1318 3862 disposr

285 3871 345 3921 974.
365 3856 532 3924 Propritim.)
546 3854 667 3923 Proprid:
687 3861 794 3913 Nonius.
826 3854 935 3911 Senlilos
947 3859 1067 3913 evadunt.
1103 3858 1156 3914 Res
1173 3861 1318 3918 etiamSeul

284 3939 344 3989 979.
368 3926 435 3978 Totis
445 3924 616 3993 mortalibus.)
649 3927 717 3981 Totis
734 3928 797 3980 Ani·
826 3933 924 3979 mutato
946 3927 1035 3980 ordine
1058 3929 1084 3982 dt
1106 3927 1268 3997 dispositione
1289 3931 1318 3985 Se

250 3996 372 4046 munaus:
391 3991 540 4048 Gallendns.
680 4010 682 4013 ·
824 4010 886 4046 num
902 3992 1066 4062 torpescunt,
1086 3998 1114 4052 dt
1131 3997 1318 4056 omnemsentie

249 4060 794 4200 attalt‘tltltr‘lt‘illtttlltlffld
822 4063 1026 4196 llailillil
1046 4134 1061 4205 >
1079 4085 1220 4206 inam
