3150 4967
240 435 327 540 34‘
593 437 1007 560 aaronem

243 610 292 684 At
312 605 469 697 quoniam
487 601 602 697 supera
621 608 719 680 docui
740 610 818 682 Nrr
837 606 923 697 posse
942 609 1043 680 creari

243 700 300 773 De
316 697 456 780 Nihilo,
480 707 588 785 nequef
607 699 698 786 quod
720 698 873 789 genim’st
895 699 937 770 ad
958 700 1020 770 Nil
1040 700 1210 773 revocari:

243 786 316 863 Effe
334 788 514 861 immortali
532 788 717 860 Primordia
737 812 874 877 corpore
894 788 1017 860 debent
1027 839 1039 875 ‚

190 880 192 882 ’
231 876 386 1043 Riiffolvi
405 902 473 966 quo
493 902 632 966 quaeque
653 876 805 965 supremo
828 895 977 966 tempore
997 876 1140 967 poffint3

285 968 402 1039 ateries
421 984 460 1041 ut
481 964 665 1055 suppeditet
682 967 782 1039 rebus
803 967 1003 1055 reparandis.

217 1085 221 1096 “
243 1060 332 1131 Sunt
349 1058 449 1146 igitur
470 1057 581 1130 Solida
603 1057 787 1129 Primordia
815 1056 1041 1148 simplicitate,

242 1148 318 1221 Nec
335 1149 463 1219 tatione
481 1163 609 1235 queunt
626 1146 690 1218 alia
708 1144 835 1220 servata
853 1172 910 1235 per
927 1170 1040 1219 aevum

242 1237 296 1313 Ex
318 1235 451 1308 infinito
467 1237 536 1327 jam
552 1251 701 1324 tempore
719 1245 772 1308 res
790 1260 948 1323 reparare.

286 1328 464 1413 Denique,
489 1323 662 1398 finullam
683 1324 787 1399 linem
811 1328 942 1400 Natura
960 1325 1094 1413 parasset

241 1416 447 1505 Frangendie
459 1416 582 1503 rebus,
606 1418 674 1504 ‘jam
695 1418 843 1504 Corpora
868 1416 1018 1488 material

241 1502 356 1593 Usque
373 1505 501 1578 redacta
522 1503 652 1592 forent,
677 1530 751 1577 aevo
771 1504 944 1594 frangente
963 1507 1093 1592 priore,

240 1595 292 1668 Ut
311 1593 395 1667 nihil
415 1596 537 1667 exiliis
555 1596 574 1665 al
593 1614 682 1667 certo
693 1612 851 1683 tempore
872 1593 972 1683 poll'et

240 1685 474 1771 conceptum,
499 1681 669 1779 summum
690 1686 795 1758 aetatis
818 1684 995 1772 pervadere
1012 1683 1149 1757 florem:

239 1776 334 1847 Nam
354 1774 487 1863 quidvis
511 1775 607 1846 ‘eitiirs
630 1771 758 1846 dissolvi
781 1772 869 1862 polle
885 1774 1058 1859 videmus,

241 1867 355 1952 Quam
378 1860 491 1949 rursus
511 1862 611 1937 refici.
646 1866 875 1953 'Quapropter
899 1864 996 1953 longa
1015 1864 1081 1935 diei

239 1951 385 2026 htfinitae
402 1974 480 2026 artas
498 1954 636 2025 anteadti
653 1971 723 2025 tem
746 1955 813 2025 oris
833 1954 944 2025 omnis

277 2043 346 2115 uod
369 2040 508 2132 fregisset
527 2042 656 2130 adhuc,
681 2044 714 2114 di
768 2044 889 2130 thane,
915 2039 1178 2132 ditionemque,

237 2133 255 2205 1
301 2156 476 2220 nunquam
493 2133 620 2221 reliquo
639 2135 781 2221 reparari
800 2149 949 2220 tempore
970 2130 1070 2219 posset
1080 2162 1091 2215 ς

238 2224 285 2297 At
304 2247 397 2294 nunc
415 2222 577 2294 nimirum
594 2220 765 2313 frangendi
787 2223 914 2294 reddita
935 2220 1014 2293 linis
1306 2305 1309 2310 ⁴
1406 2286 1418 2294 .

238 2314 340 2385 Certa
358 2332 488 2383 manet:
509 2312 673 2400 quoniam
690 2311 781 2386 refici
801 2337 872 2383 rem
891 2335 1056 2401 quamque
1073 2310 1226 2384 videmus
1237 2362 1253 2399 ,
1365 2367 1371 2386 .
1399 2308 1418 2350 ”⁴²

236 2402 282 2473 Et
299 2400 396 2473 linita
413 2398 510 2471 fimul
530 2403 710 2490 generatim
735 2421 883 2490 tempora
912 2401 1012 2473 rebus
1073 2421 1084 2430 ·
1400 2418 1402 2426 ’

238 2492 352 2577 Stare,
378 2490 499 2579 quibus
520 2489 643 2579 possint
658 2494 726 2573 >aevi
750 2494 941 2581 contingere
960 2490 1088 2562 florem.
1277 2563 1279 2567 ,
1313 2503 1375 2585 565
1406 2523 1418 2530 ··

282 2583 362 2655 Huc
383 2580 528 2668 accedit,
552 2583 604 2654 uti
627 2580 824 2655 Solidiffima
843 2584 994 2656 materiai
1227 2672 1281 2745 Co
1367 2649 1374 2674 ·.

537 2702 540 2710 .
972 2714 973 2717 ,
1283 2695 1375 2761 spon
1408 2683 1418 2713 ι

258 2853 333 2927 ’ςςι
353 2858 792 2929 Deniquejinudam,&c.)1terum
825 2860 851 2915 dr
870 2859 937 2915 hanc
956 2859 1161 2916 emendationem
1178 2858 1259 2925 hujus
1273 2859 1334 2917 libri
1343 2859 1375 2924 Vq
1413 2917 1416 2925 ,

237 2945 265 2984 v.
274 2943 315 2995 14.
328 2938 417 2986 monet
426 2946 514 2984 rernm
522 2931 638 2984 omnium
649 2932 792 2985 ineremen-
823 2943 882 2997 234.
1416 2940 1418 2952 ·

236 3005 266 3053 to
280 2996 405 3053 statutum
423 2997 473 3053 else
492 3006 591 3052 certum
614 3002 640 3053 dr
654 2999 791 3054 definitum
856 2996 1171 3067 Infinitaaetascorpirmse,
1191 2995 1376 3064 anteatiaDiess
1416 3029 1418 3034 <

236 3075 340 3137 tempus
352 3084 361 3128 3
381 3066 493 3136 Ideoque
506 3065 602 3121 semina
613 3065 729 3136 equibus
740 3067 791 3121 istae
922 3083 975 3133 que.

237 3153 279 3191 res
288 3143 417 3204 augentur
427 3144 501 3190 certae
511 3134 560 3191 else
570 3136 666 3201 molis,
689 3135 793 3190 indisso·
824 3132 926 3204 egregid
940 3132 1084 3190 conlirmat.
1347 3181 1350 3186 .
1372 3189 1377 3198 ,

237 3205 331 3260 labilia
341 3205 435 3267 etiam,
455 3222 503 3259 nec
512 3204 597 3273 frangi
605 3202 687 3273 posse:
707 3205 793 3259 Aliter
860 3211 918 3270 561.
937 3203 1098 3271 Idnunqunm
1106 3199 1221 3272 reliquo.)
1240 3201 1314 3258 Libri
1321 3208 1377 3268 vet·

237 3276 309 3329 enim
322 3290 368 3341 per
387 3272 521 3328 inlinitum
536 3274 621 3338 illud,
642 3275 711 3343 quod
729 3275 793 3329 abiit
826 3273 959 3340 Nunquam
971 3273 1077 3341 resipio.

237 3350 358 3409 tempus,
377 3342 497 3396 fratta&
512 3341 793 3409 diffipateintamexi-
857 3346 918 3406 566.
942 3340 1098 3394 Hucaccedit
1108 3341 1160 3397 uti.
1182 3335 1253 3407 dcc.)
1272 3337 1379 3394 Atomo·

238 3410 276 3465 les
285 3412 408 3491 minutias
417 3411 518 3464 redacta
528 3410 651 3491 fuissent3
670 3421 701 3465 ut
710 3411 792 3491 nullis
825 3425 884 3490 rum
895 3407 1049 3490 soliditatem
1057 3427 1084 3463 v.
1097 3424 1137 3460 12.
1153 3405 1297 3489 confirmat.
1311 3408 1380 3473 Quia

236 3480 793 3610 latinitati”attentati
826 3472 1418 3626 tlltctssltltltt{itlitftztnttp

236 3611 274 3670 Et
284 3616 430 3668 haecomnia
444 3612 562 3683 agnoscet
600 3616 627 3668 ui
643 3615 696 3672 Res
713 3614 792 3671 citios
826 3612 984 3681 srPrincipia
994 3614 1098 3683 quidem
1109 3610 1267 3667 affirmantur
1277 3614 1379 3679 Solide,
1416 3663 1418 3668 .

236 3683 357 3748 dissolvi,
379 3682 456 3753 qudin
466 3683 539 3738 refici
548 3700 580 3750 po
603 3686 730 3751 ecogitat.
825 3682 894 3750 posse
904 3700 936 3736 ex
946 3683 999 3736 illis
1011 3682 1068 3736 fieri
1079 3700 1132 3736 non
1144 3683 1220 3735 modo
1231 3698 1272 3735 res
1283 3682 1378 3748 clarae,
1397 3748 1400 3754 1

174 3769 177 3773 ⁴
272 3761 332 3819 556.
352 3752 482 3817 Florem.)
507 3752 613 3814 Finem,
645 3754 679 3806 G.
699 3751 789 3806 Lamb.
825 3760 855 3806 ut
869 3749 1032 3820 perspicuum
1049 3751 1100 3815 est,
1120 3749 1214 3804 verim
1225 3751 1304 3805 etiam
1314 3748 1381 3805 mol·

236 3822 360 3892 Aliique,
381 3820 505 3889 istamque
514 3821 592 3875 etiam
601 3837 692 3875 vocem
699 3822 790 3890 hym,
825 3819 882 3881 lee;
919 3822 1025 3874 uoniam
1041 3819 1109 3888 quod
1121 3817 1260 3873 concrescit
1274 3835 1307 3873 ex
1318 3816 1381 3887 ipsis

236 3891 402 3959 quialiorurn
420 3906 519 3944 errores
534 3886 634 3957 semper
649 3889 789 3960 approbat,
825 3837 973 3944 mollelcere
985 3891 1081 3957 poterit
1099 3906 1131 3942 ex
1151 3886 1340 3943 intermistione
1349 3886 1381 3942 1-

235 3968 344 4015 tuetur:
364 3959 400 4013 At
412 3960 499 4012 Finem
515 3958 558 4012 vel
570 3955 673 4026 prorsas
684 3966 791 4012 enervat
824 3963 902 4012 erana.
934 3958 980 4012 Sin
989 3966 1077 4012 autem
1086 3957 1180 4011 Mollia
1187 3954 1232 4023 sup
1252 3964 1377 4021 oneratur,

235 4036 429 4096 argumentum,
443 4026 488 4082 vel
497 4024 586 4081 saltem
597 4025 726 4081 infirmius
734 4028 790 4080 red·
825 4033 881 4080 tum
892 4034 1015 4094 poterunt
1035 4027 1139 4096 quidem
1150 4041 1219 4079 rese
1250 4024 1381 4087 cimollest
1407 4053 1413 4078 t

235 4098 297 4162 dit,
318 4098 345 4153 dr
364 4094 506 4151 obscurius.
543 4096 599 4150 Flos
616 4099 693 4150 atatis
706 4094 790 4163 ἅκμὶ,
824 4102 850 4148 at
869 4095 943 4149 nulla
960 4098 1026 4149 ratio
1047 4092 1144 4148 suberit
1160 4110 1206 4147 cur
1221 4090 1315 4162 possint
1327 4092 1381 4147 dics

234 4165 318 4233 iustus
326 4165 506 4234 perfectusque
515 4165 599 4233 vigor.
706 4189 709 4195 ·
783 4201 791 4214 ,Α
823 4163 890 4216 dura
909 4162 995 4226 effici3
1015 4160 1160 4227 soliditate,
1191 4164 1246 4215 viz.
1268 4178 1324 4230 quae
1342 4160 1381 4217 est

276 4245 334 4357 538.
354 4230 721 4303 LongaDieiInfinitaeaetcs.)
739 4230 791 4286 Fa·
823 4230 1023 4295 fundamentum
1032 4233 1154 4297 duritiei,
1173 4230 1372 4288 nullaextante.

229 4296 277 4360 bb
302 4304 357 4375 egit
370 4304 536 4374 modies,
555 4302 700 4374 &sepienda
715 4310 790 4371 atae,
819 4298 959 4376 deffendat.
