3150 4967
244 428 319 504 252
603 411 670 492 ¹T.
704 411 1011 508 LUCRETII

243 576 294 649 Ut
315 575 429 648 bibere
443 576 479 648 in
496 573 621 651 somnis
647 580 767 654 Sitiens
789 603 892 669 quom
911 579 1032 669 quaerit
1053 580 1086 652 e
1106 577 1233 650 humor
1300 599 1372 667 1090
1409 597 1418 632 ἱ

243 666 328 739 Non
347 670 463 748 datur,
497 667 648 739 ardorem
672 672 708 741 in
727 670 883 746 membris
907 671 963 757 qui
987 668 1152 758 stinguere
1171 664 1294 758 poffit:
1415 691 1418 700 ·

245 755 308 829 Sed
316 758 455 827 ¹iaticum
474 758 651 829 Simulacra
668 762 777 847 petit,
804 756 987 846 frustraque
1009 760 1154 832 laborat:
1412 829 1418 848 J

243 846 285 917 In
300 846 474 933 medioque
504 844 571 919 satit
590 852 729 920 torrenti
748 849 886 921 flumine
905 867 1033 936 potans.
1292 921 1296 940 s
1410 855 1418 932 i

246 937 299 1007 Sic
318 938 353 1008 in
363 960 475 1005 amore
484 936 602 1009 Venus
622 940 809 1011 Simulacris
824 937 909 1009 ludit
923 938 1105 1025 Amanteis,
1404 933 1415 958 ³

243 1023 282 1098 N
283 1051 319 1098 ec
339 1023 450 1097 satiare
468 1047 595 1112 queunt
612 1024 787 1116 spectando
806 1051 943 1115 corpora
957 1052 1086 1098 coram:
1298 1039 1371 1118 1095
1403 1005 1418 1126 Ξ

244 1116 319 1187 Nec
342 1116 496 1188 manibus
519 1117 699 1205 quidquam
722 1121 843 1190 teneris
864 1116 1020 1189 abradere
1041 1115 1203 1190 membris

243 1203 400 1290 Possunt,
428 1225 571 1277 errantes
591 1209 706 1278 incerti
725 1233 861 1295 corpore
879 1225 962 1279 toto.

290 1296 443 1381 Denique
465 1318 567 1381 quom
588 1297 747 1369 membris
768 1298 907 1369 conlatis
921 1296 1000 1367 flore
1024 1292 1189 1369 fruuntur

244 1383 380 1470 Eratis,
407 1408 509 1472 quom
533 1386 596 1472 jam
615 1384 763 1476 praesagit
782 1386 901 1474 gaudia
921 1409 1052 1473 corpus,

243 1477 353 1561 Atque
371 1477 406 1544 in
428 1500 467 1545 eo
493 1472 696 1563 euvenus,
722 1499 762 1548 ut
781 1476 954 1550 muliebria
973 1472 1120 1548 conserat
1141 1498 1255 1557 arva3
1303 1494 1372 1548 1100

244 1563 406 1652 Adfigunt
428 1564 524 1635 avide
542 1589 684 1654 corpus,
710 1568 920 1655 junguntque
944 1562 1058 1637 salivas

246 1656 353 1739 One,
380 1657 413 1724 dt
430 1650 590 1741 inspirant
607 1653 780 1742 pressantes
803 1656 957 1726 dentibus
981 1679 1051 1741 ora,

244 1744 497 1831 Nequicquam:
524 1746 695 1833 Qtoniam
717 1744 800 1817 nibil
816 1744 894 1816 inde
911 1744 1067 1816 abradere
1084 1738 1232 1831 potsunt,

245 1835 322 1907 Nec
341 1854 531 1920 penetrare,
558 1839 590 1905 &
611 1836 701 1906 abire
719 1836 756 1905 in
778 1859 897 1921 corpus
909 1843 1058 1922 'corpore
1075 1854 1149 1905 toto

244 1922 338 1997 Nam
355 1921 459 1993 secere
477 1924 646 1996 interdum
664 1925 697 1995 id
717 1926 819 2003 velle,
846 1927 878 1996 &
897 1945 1019 1996 certare
1037 1924 1224 1996 videntur:
1300 1934 1372 2011 1105

244 2010 440 2097 Usqueadeo
461 2014 577 2100 cupide
592 2015 733 2086 Veneris
756 2014 970 2103 compagibus
992 2012 1131 2099 haerent,

244 2102 401 2172 Membra
422 2103 600 2189 voluptatis
624 2104 706 2175 dum
725 2104 761 2175 vi
780 2102 936 2175 labesada
959 2101 1151 2191 liquescunt.

217 2237 219 2242 -
244 2190 399 2261 Tandem
419 2193 477 2262 ubi
499 2190 531 2263 se
549 2194 639 2280 rupit
658 2197 770 2265 nervis
792 2195 940 2266 cordedie
960 2192 1092 2280 cupido

245 2279 351 2353 Parva
376 2278 417 2351 fit
436 2281 565 2353 ‘ardoris
591 2284 729 2355 violenti
752 2281 849 2371 pausa
869 2307 1065 2370 parumper3

244 2370 327 2443 Inde
349 2370 433 2442 redit
453 2371 558 2443 rabies
576 2374 713 2459 eadem,
739 2370 882 2445 &furor
901 2373 956 2444 ille
974 2369 1098 2457 revisit,
1300 2392 1376 2444 1110

247 2464 364 2549 Quom
387 2459 446 2531 srbi
465 2463 554 2550 quod
578 2464 712 2551 cupiant
728 2460 810 2550 ipsi,
836 2464 1025 2551 cotrtingere
1049 2476 1226 2549 quaeruntr

246 2550 322 2623 Nec
344 2552 486 2637 reperire
501 2553 626 2622 malum
646 2552 680 2622 id
701 2548 834 2639 possunt
857 2577 930 2640 quae
951 2550 1101 2623 machina
1126 2553 1262 2625 vincat:

183 2683 188 2700 ·
245 2638 358 2727 Usque
379 2641 460 2711 adeo
488 2642 603 2713 incerti
623 2640 793 2715 tabescunt
818 2645 953 2713 volnere
977 2666 1074 2712 caeco.
1143 2680 1146 2687 Δ

245 2732 339 2802 Adde
363 2731 453 2815 quod
474 2728 650 2801 absumunt
675 2732 795 2817 vireis,
820 2751 1021 2819 pereuntque
1042 2732 1164 2802 labore.

186 2889 189 2896 ,
246 2819 340 2890 Adde
360 2820 452 2903 quod
471 2818 676 2892 alteriussub
695 2839 780 2892 nutu
803 2821 933 2909 degitur
953 2841 1043 2892 aetas
1302 2830 1378 2907 1115

246 2907 386 2981 Labitur
406 2908 528 2978 interea
554 2910 642 2995 Res,
667 2912 866 2981 Vadimonia
886 2909 984 2996 finnt,
1331 2941 1336 2950 ¹

246 2997 422 3096 Languent
441 2996 571 3086 officia,
596 3019 693 3090 atque
707 3018 846 3091 aegrotat
864 2998 951 3072 sama
971 2999 1124 3073 vacillans
1134 3027 1145 3080 ;

1170 3130 1174 3140 ¹
1189 3108 1380 3197 Unguenta,

282 3298 395 3361 Tenum,
431 3315 486 3367 quae
501 3298 579 3353 Venti
595 3296 680 3354 suevit
697 3304 798 3367 raptare
833 3296 881 3352 sita
897 3294 980 3359 suntt
1010 3298 1078 3364 Quid
1089 3297 1158 3351 enim
1177 3294 1303 3363 sutilius,
1320 3295 1383 3351 Leti·

365 3367 467 3422 rocellae
835 3364 925 3420 niusvd
942 3365 1086 3435 quimfrui
1104 3369 1220 3431 retemta,
1232 3370 1300 3433 flore
1314 3367 1384 3419 enni

245 3434 282 3490 At
298 3452 331 3490 ve
357 3444 418 3501 um',
439 3436 547 3501 Ledor,
566 3435 610 3492 vel
627 3438 664 3492 ita
679 3438 798 3503 emenda·
827 3438 909 3503 frui?
946 3436 1038 3503 Quare*
1056 3435 1184 3490 Palmerio
1207 3434 1277 3490 alius
1305 3449 1383 3491 comet

246 3511 304 3558 tum
317 3507 405 3569 rejice.
455 3563 457 3567 ³
835 3506 985 3578 querendae
994 3504 1049 3568 est,
1070 3504 1126 3571 Ego
1143 3501 1213 3559 folus
1231 3522 1274 3559 eo.
1315 3504 1387 3558 Lam·

284 3586 358 3635 1099.
384 3574 455 3627 Flore
474 3574 630 3643 fruuntur.)
666 3574 795 3639 Gifanius,
834 3576 930 3639 binus,
950 3575 1020 3629 Flore
1032 3576 1163 3639 juvantur.

245 3641 432 3695 Floreutuntur.
470 3642 629 3708 Palmerius‚
657 3645 728 3698 Flore
747 3645 796 3697 Lu·
872 3659 945 3708 1115.
966 3642 1034 3697 Adde
1048 3643 1109 3710 quod
1130 3641 1278 3708 obfirmant,
1310 3636 1385 3705 dcc.)

245 3721 338 3776 untur,
367 3712 472 3777 idest,
498 3713 797 3775 maun,F10sautem
834 3713 866 3767 V.
886 3723 927 3771 28.
949 3710 1063 3768 recenset
1089 3712 1254 3765 Incommode
1275 3710 1385 3773 Amoris,

245 3779 291 3844 est,
834 3800 890 3850 qua
903 3799 945 3836 tes
955 3779 1074 3835 damnosa
1084 3780 1139 3843 est,
1160 3782 1187 3835 ἃ
1202 3777 1297 3834 misera
1313 3777 1388 3834 servi-

280 3849 315 3903 Id
331 3850 392 3917 quod
399 3849 485 3917 sponte
493 3849 542 3911 sua
554 3850 615 3911 firlet
626 3852 726 3915 remitti,
833 3860 895 3912 tus3
919 3848 963 3904 sus
977 3850 1103 3904 icionibns
1114 3850 1245 3913 obnoxia,
1266 3850 1295 3904 dc
1306 3849 1388 3915 cujus,

282 3920 342 3970 Cum
352 3918 428 3971 Mens
437 3917 469 3982 efi
486 3921 587 3985 pathice
602 3937 691 3971 memor
702 3921 795 3989 puelle.
833 3868 1137 3987 imposueritis,
1159 3920 1285 3986 poeaiteat
1304 3913 1390 3973 rietes·

245 3984 362 4039 luuntur
369 3986 445 4055 quim
454 3988 496 4040 hic
504 3987 616 4055 proprie,
637 3992 712 4042 nemo
724 3991 798 4057 igno·
832 3987 857 4044 se
875 3989 920 4043 est.

245 4063 305 4121 rat,
325 4056 370 4124 qui
389 4053 513 4111 hocsciat
531 4060 625 4119 modo,
646 4056 705 4111 eum
721 4056 798 4124 perii·
869 4067 943 4117 1118.
973 4053 1085 4125 Officio.)
1113 4054 1251 4122 Ovidius,
1278 4054 1388 4112 Remed.

246 4124 340 4186 ciunt,
360 4122 442 4179 solvi:
470 4125 528 4179 vn.
548 4144 574 4180 v.
590 4136 665 4184 1108.
697 4126 797 4195 Deque
834 4126 953 4198 Ammip,
976 4142 1001 4179 v.
1018 4132 1105 4198 627..

246 4193 395 4259 conjestura
409 4195 446 4247 ita
455 4196 541 4249 Faber.
577 4196 674 4260 Vides,
695 4195 797 4263 precla·
867 4199 924 4251 Nee
941 4212 1002 4263 vque
1011 4196 1084 4260 ferre
1095 4193 1158 4259 fidet
1168 4194 1319 4263 spatiantem
1335 4207 1392 4264 por·

246 4278 276 4317 ra
285 4263 389 4332 ingenia
397 4280 448 4317 non
458 4273 544 4319 amant
555 4282 610 4334 quat
618 4266 647 4318 in
657 4266 741 4319 medio
751 4282 796 4333 po·
955 4263 1107 4329 demissam,
1361 4330 1386 4385 T

971 4355 974 4362 ·
1382 4346 1394 4384 e
