3150 4967
222 430 299 511 278
599 416 644 496 T.
673 414 974 498 LUCRETII

223 582 278 660 Ex
296 579 431 656 infinito
458 581 522 668 jam
546 599 697 675 tempore
716 582 825 659 adhuc
842 581 1020 672 potuiffent

224 669 383 748 Immensr
401 673 525 743 validas
544 674 609 746 aevi
634 692 846 748 contemnere
871 674 983 747 vireis.
1033 759 1036 766 ,

271 763 426 849 Denique
444 780 613 851 tantopere
625 764 710 838 inter
730 759 762 836 se
783 763 861 838 calm
880 764 1025 836 maxima
1043 760 1168 838 Mundi
1250 834 1257 850 ,

223 850 381 940 Pugnant
402 853 574 941 membra,
600 853 656 939 ¹pio
677 875 885 941 nequaquam
905 854 1033 927 concita
1049 852 1136 923 hello
1147 878 1159 932 3

226 942 354 1017 Nonne
377 942 469 1013 vides
490 943 634 1028 aliquam
655 943 747 1031 longi
768 943 957 1016 certaminis
981 943 1055 1014 ollis

225 1028 317 1106 Polie
336 1030 407 1101 dari
426 1028 556 1105 finem?
577 1032 642 1102 Vel
665 1032 740 1104 cam
762 1033 843 1112 Sol,
869 1034 902 1103 δι
921 1031 1035 1117 Vapor
1052 1029 1167 1122 omnis

227 1120 402 1191 Omnibus
426 1122 530 1212 epotis
550 1119 748 1196 humoribus
771 1118 1005 1207 exsuperarint,
1404 1157 1414 1204 -Γ

226 1208 332 1297 Qtod
352 1206 456 1280 lacere
477 1210 676 1297 intendunt,
701 1234 808 1298 neque
825 1209 933 1284 adhuc
958 1225 1072 1284 corruta
1094 1221 1300 1295 pattattttttt
1410 1219 1413 1224 '

226 1300 379 1371 Tantum
398 1297 606 1391 suppeditant
624 1301 749 1372 Amnes
769 1351 781 1384 ,
807 1301 959 1386 ultroque
980 1299 1160 1374 minantur.
1405 1335 1410 1346 v

227 1389 357 1458 Omnia
375 1388 533 1460 diluviare
554 1413 596 1461 ex
614 1390 681 1461 alto
705 1390 834 1478 gurgite
858 1390 977 1480 ponti3

226 1479 484 1564 Nequicquam:
511 1480 684 1563 Quoniam
706 1497 873 1550 verrentes
892 1501 1024 1566 aequora
1042 1476 1137 1550 venti

226 1568 464 1652 Deminuunt‚
477 1564 821 1656 radiisquere'ttxens
839 1565 994 1640 aetherius
1012 1567 1089 1647 8013

226 1657 271 1729 Et
291 1653 408 1727 ficcare
431 1657 521 1746 prius
540 1655 715 1730 confidunt
734 1658 848 1730 omnia
866 1654 963 1745 possae,

227 1749 340 1836 Qum
364 1747 472 1907 liquor
496 1747 631 1837 incoepti
647 1744 744 1844 possit
762 1747 951 1834 contingere
980 1742 1095 1818 filum.

224 1838 378 1908 Tantum
407 1837 549 1923 pirantes
571 1860 667 1924 aequo
684 1837 860 1909 certamine
885 1835 1024 1908 bellum>

226 1926 361 2017 Magnis
388 1925 547 1998 derebus
571 1923 714 2016 intense
730 1948 861 1999 cernere
879 1943 1025 1998 certant:
1159 2003 1163 2018 ‚

227 2015 316 2085 Ciam
338 2012 436 2088 semel
462 2016 497 2085 in
517 2035 603 2087 terra
625 2013 726 2089 tuerit
745 2012 949 2104 superantior
968 2012 1083 2104 Ignis,

225 2104 269 2172 Et
287 2100 385 2172 semel
408 2106 463 2187 (ut
477 2101 563 2177 fama
583 2104 639 2193 li)
656 2106 790 2177 Humor
806 2104 949 2191 cogitarit
967 2104 1004 2174 in
1022 2100 1119 2173 arvis.
1170 2141 1173 2146 ·
1219 2177 1222 2184 ,

224 2190 318 2279 Ignis
346 2193 436 2266 enim
453 2190 640 2279 superavit,
667 2197 699 2268 &
724 2193 861 2286 ambens
884 2191 988 2265 multa
1011 2185 1162 2280 perullit,
1294 2233 1300 2242 -

226 2282 313 2355 Avia
332 2282 409 2352 clam
432 2279 636 2353 Phaethonta
655 2307 754 2369 rapax
776 2283 835 2355 vix
856 2282 941 2354 Solis
960 2301 1133 2368 equorum

226 2370 359 2446 ilithere
378 2373 524 2460 raptavit
543 2392 639 2457 toto,
665 2368 829 2463 terrasque
852 2395 910 2459 per
932 2370 1073 2457 omneis.

227 2465 272 2533 At
291 2480 381 2548 pater
405 2462 632 2548 Omnipotens
654 2463 701 2532 ira
726 2480 800 2532 tum
822 2460 965 2547 percitus
985 2459 1051 2529 acri

228 2552 488 2638 Magnanimum
508 2550 717 2623 Phaethonta·
734 2551 862 2638 repenti
879 2546 1029 2621 fulminis
1048 2547 1116 2619 istu

227 2640 432 2711 Deturbavit
451 2640 543 2726 equis
565 2639 600 2709 in
622 2660 740 2710 terram
752 2668 763 2718 ;
790 2639 910 2726 Solque
934 2637 1062 2709 cadenti

228 2730 366 2800 Obvius
382 2748 539 2804 aeternam
562 2725 699 2814 suscepit
713 2729 868 2815 ¹lampada
886 2726 1004 2798 mundi
1021 2753 1033 2805 3

228 2814 459 2904 Disjeerol'que
481 2817 605 2903 redegit
623 2841 747 2902 equos,
771 2820 948 2908 junxitque
970 2811 1185 2886 trementeist

227 2905 311 2976 hade
331 2902 428 2974 suum
451 2928 508 2990 per
527 2905 590 2975 iter
608 2908 766 2980 recreavit
788 2911 904 2977 cunita
923 2905 1127 2993 gubernans.
1318 2915 1377 2991 405

229 2994 379 3074 Scilicet,
405 3011 443 3065 ut
463 3011 591 3068 veteres
616 2996 758 3067 Graiam
782 2996 927 3066 cecinere
946 2995 1081 3066 Poetae:

229 3084 333 3174 Qtod
354 3085 507 3170 proculi
529 3107 607 3154 vera
627 3082 665 3154 ’lt
688 3086 791 3158 animi
815 3085 944 3154 ratione
962 3079 1146 3172 repulsum.

228 3175 319 3266 Ignis
333 3175 424 3249 enim
439 3170 594 3265 superare
614 3173 742 3265 potest,
767 3173 827 3247 ubi
851 3175 994 3248 Matera'i
1065 3195 1067 3200 '

1265 3257 1386 3336 Exin.

265 3460 324 3513 381.
345 3452 454 3517 Denique
464 3461 591 3519 tamque,
606 3448 674 3523 nt.)
702 3449 782 3505 Aliud
798 3461 802 3500 t
817 3449 955 3508 Diluntum
972 3451 1126 3504 latescente
1144 3447 1268 3505 Deorum
1288 3443 1384 3520 erupti·

230 3520 334 3570 demum
352 3528 535 3590 arquatorum
557 3521 678 3584 deducit,
698 3524 724 3572 ν’.
739 3525 780 3586 36.
798 3521 802 3564 ἶ
817 3517 860 3584 se,
882 3516 1029 3578 &cessisse
1048 3530 1050 3534 ·

230 3585 783 3666 ⁸71P1¹g¹¹³⁰⁰¹¹tl¹¹flfi¹(Elemesstfflflmll'rae·
798 3569 804 3678 l
854 3613 911 3668 382.
933 3604 981 3655 Pio
998 3598 1172 3669 nequaquam.)
1195 3600 1310 3668 Impio,
1330 3600 1387 3670 quia

230 3656 365 3719 cipuarum
375 3654 470 3705 Munda
488 3658 609 3720 partium.
630 3656 695 3711 Ciam
713 3658 783 3710 enim
801 3668 1127 3728 .Be11umh00est01vfle
1148 3668 1357 3724 &intestinum

230 3723 303 3788 Ignis
312 3737 371 3772 oum
382 3720 455 3785 liqna
464 3725 649 3788 committatur,
671 3728 696 3779 ἃ
706 3724 781 3777 modo

230 3790 375 3844 Eluvioues
395 3785 542 3852 superent,
571 3794 659 3857 quidni
679 3795 781 3847 tamlem
867 3846 868 3849 ,
1008 3843 1041 3859 Α,
1217 3843 1223 3854 ,

231 3854 574 3911 aratorius-Mundiruina
590 3858 783 3915 hacconcerta-
854 3850 912 3909 396.
933 3838 1079 3909 Regnum)
1105 3840 1253 3906 ‘iuterim’
1288 3843 1317 3895 &
1337 3853 1394 3895 W·

231 3927 270 3979 tio
290 3922 474 3977 terminetur?
517 3923 592 3988 Quod
611 3925 672 3980 vero
692 3945 785 3996 magna
817 3910 847 3966 su
862 3926 919 3978 399·
946 3909 1211 3978 Tirisssu‘i'mffl't
1234 3907 1392 3965 Gaff‘ndm·

231 3992 355 4047 incendia
380 3989 533 4042 colluvia
557 3996 627 4046 conti
646 3997 733 4059 arsut,
754 3997 785 4050 de
858 4010 915 4061 397.
936 3995 1067 4058 Amnem.)
1104 3993 1256 4048 Ambfldffls
1274 3995 1309 4050 ab
1336 3993 1395 4048 Α*

232 4059 394 4116 Phaethonte
413 4060 438 4110 ἃ
454 4057 613 4114 Deucalione
643 4062 724 4117 ,bula
743 4065 786 4116 tle-
822 4065 896 4117 beda:
917 4064 960 4118 Sic
976 4060 1143 4135 amansepro
1156 4063 1305 4119 Ambedere.
1334 4062 1395 4127 alii,

233 4126 391 4185 monstrant,
412 4142 471 4178 nam
489 4124 553 4188 Iane
572 4127 688 4194 vastata,
711 4133 737 4184 n
755 4131 789 4184 A·
823 4133 946 4185 amians.

234 4197 292 4267 quis
313 4193 405 4245 obruta
427 4200 481 4245 erat
493 4192 600 4256 Terra,
622 4196 685 4251 licet
705 4198 789 4253 Poeta
857 4214 918 4266 407.
940 4200 1039 4256 Averu
1051 4198 1196 4271 ellanimr‘.)
1216 4199 1338 4272 Messias,
1353 4197 1399 4258 Vt·

235 4268 323 4336 inepte
345 4259 480 4316 tinxerunt
504 4260 658 4320 lucentium
677 4265 745 4324 istutl
762 4269 789 4325 δι
823 4286 852 4324 ro
864 4271 936 4326 nimi
949 4267 991 4340 est.

852 3762 910 3820 388.
933 3748 1090 3816 Diluoime)
1109 3750 1222 3805 Diluvio
1236 3751 1361 3810 obruere.
