3150 4967
460 461 680 551 LIBER.
709 458 1008 557 QUINTUS.
1235 468 1310 559 275

167 626 375 719 sicigitur,
403 631 536 717 Solem,
556 633 711 717 Lunam,
738 627 915 717 Stellasque
936 630 1126 718 putandum
1152 643 1155 648 '
1210 684 1215 690 -

167 715 225 797 Px
248 722 336 802 alio,
361 742 458 808 atque
479 722 544 791 alio
568 718 675 791 lucem
699 723 818 810 jattare
838 718 987 806 subortu,
1295 729 1301 738 ⁴

168 814 216 883 Et
239 811 385 897 primum
408 807 563 897 quicquid
581 810 727 880 flammai
748 810 883 898 perdere
905 808 1050 898 semper:
1245 827 1311 903 305

167 899 383 973 lnviolabilia
400 898 471 971 haec
498 922 540 970 ne
560 900 668 971 credas
692 898 778 971 forte
803 901 925 986 vigere.
1224 923 1226 928 ·

216 991 376 1075 Denique
396 1008 467 1059 non
485 991 622 1077 Lapides
642 1010 773 1077 quoque
796 990 884 1059 vinei
908 989 1013 1061 cernis
1033 984 1075 1059 ab
1100 987 1207 1063 aevo?

168 1080 259 1152 Non
280 1079 360 1148 altas
379 1080 515 1149 Turreis
536 1100 658 1164 ruere,
686 1082 719 1150 dt
739 1075 922 1177 putrescere
941 1080 1048 1151 Saxa?
1109 1137 1116 1152 χ

168 1162 258 1241 Non
282 1167 572 1259 delubraDeirm,
598 1170 842 1256 Simulacraquc
868 1165 941 1239 sessa
958 1162 1088 1240 satisci?
1248 1237 1251 1242 4

169 1259 251 1332 Nec
274 1253 423 1326 ferndum
442 1277 568 1327 numen
586 1255 644 1327 sati
673 1260 846 1344 protollere
870 1257 966 1329 fineis
1248 1271 1310 1347 κιο

168 1343 291 1419 Posse?
313 1346 432 1433 Neque
450 1345 603 1417 adversus
622 1362 749 1417 naturae
766 1345 889 1418 foedera
915 1347 1004 1419 niti?

168 1436 332 1521 Denique
352 1456 421 1505 non
439 1436 660 1507 Monumenta
683 1439 793 1507 virlim
813 1432 933 1524 dilapsa
956 1437 1108 1509 videmus

172 1525 302 1614 Cedere
326 1543 485 1611 proporro
533 1522 704 1613 subitoque
728 1523 888 1597 senescere
911 1524 1011 1599 casu?

171 1610 259 1687 Non
284 1636 380 1683 ruere
401 1616 476 1684 avol
492 1640 529 1685 os
550 1616 692 1687 Silicesd
715 1612 887 1687 montibus
907 1617 994 1702 altis,

174 1706 252 1777 Nec
272 1702 397 1773 validas
419 1706 481 1773 aevi
504 1706 603 1774 vireis
626 1702 790 1790 perferre,
808 1706 946 1864 fatique
1246 1721 1314 1795 315

175 1793 307 1867 siniti?
329 1794 450 1879 Neque
468 1795 556 1863 ‘enim
581 1794 709 1865 caderet
729 1796 805 1865 avos
820 1810 1004 1882 drepente,

175 1885 225 1954 Ex
243 1880 379 1954 infinito
401 1905 474 1969 quae
492 1900 640 1970 tempore
661 1883 901 1971 pertolerassent

179 1974 308 2044 Omnia
326 1985 491 2043 tormenta
509 1976 613 2044 aetatis
634 1975 758 2061 privata
779 1971 916 2063 fragore.

221 2062 379 2148 Denique
400 2064 466 2149 jam
482 2078 574 2133 tuere
597 2064 674 2134 Hoc
693 2064 837 2147 circum,
862 2061 1043 2151 supraque,
1071 2058 1314 2150 quodomnem

180 2153 340 2223 Continet
359 2152 511 2238 amplexu
529 2169 672 2231 terram;
697 2151 786 2239 quod
810 2171 957 2239 procreat
979 2147 1071 2223 exse
1225 2142 1314 2243 '320

180 2241 306 2313 Omnia
329 2240 594 2328 (quodquidam
614 2245 816 2328 memorant)
834 2244 1013 2329 recipitque
1031 2256 1197 2330 perennat

177 2328 305 2401 'sotum
328 2332 482 2401 nativum
510 2332 640 2401 mortali
665 2339 807 2419 corpore
822 2330 954 2410 constat.

178 2418 269 2490 Nam
295 2419 515 2506 quodcunque
532 2422 610 2491 alias
632 2446 673 2491 ex
692 2418 724 2492 se
745 2444 796 2492 res
820 2439 939 2525 auget,
961 2421 1095 2509 alitque,

177 2503 339 2581 Deminui
361 2504 458 2581 debet
477 2560 489 2594 ,
514 2512 651 2580 recreari
671 2512 748 2581 crim
767 2512 881 2598 recipit
899 2535 961 2581 res.

218 2600 405 2683 Praeterea,
428 2597 453 2669 s1
472 2600 562 2670 nulla
587 2596 651 2670 fuit
678 2601 829 2689 genitalis
853 2602 946 2689 origo
1194 2614 1315 2761 Tm}

1228 2711 1313 2761 errar

211 2890 271 2943 307.
294 2873 454 2944 Deniquenon
462 2871 569 2946 lapides,
588 2872 656 2948 dcc.)
683 2873 732 2933 Su-
762 2871 850 2942 idest,
870 2870 1315 2947 nteredaeeaaiiquandoslblquat·

174 2939 278 3013 periore
297 2953 447 3013 argumenta
465 2945 618 3014 coufirmat,
648 2965 674 3003 v.
689 2965 726 3001 η.
764 2951 821 3001 rer'e
839 2948 1020 3001 Seirettutemr
1040 2948 1091 3001 Sed
1106 2946 1198 3002 melior
1209 2946 1317 3015 vulgata

177 3015 239 3078 Qnae
259 3012 414 3067 Solidissima
442 3015 580 3082 videmus,
615 3015 729 3073 sentiunt
762 3017 848 3071 lectio,
884 3018 1059 3070 Faterautem
1075 3017 1169 3080 rejicit.
1208 3018 1318 3084 Denique

176 3082 596 3150 vires-temporis,&putrescunt
617 3084 728 3149 Turres,
762 3105 808 3138 non
824 3094 990 3148 trionumenta,
1011 3088 1061 3139 dte.
1082 3084 1196 3153 delegit,

176 3151 308 3217 Templa,
335 3152 449 3205 Deorum
468 3149 629 3207 Sirnnlachra
650 3150 664 3223 (
674 3156 729 3208 Nec
798 3148 944 3222 Omniaque
965 3165 992 3205 at
1008 3167 1094 3221 porro,
1115 3151 1317 3221 subitoquesort-

174 3216 224 3271 illa
243 3220 348 3274 Numen
367 3218 449 3286 ipsum
476 3218 615 3276 sustentare
633 3223 728 3291 potest)
855 3224 923 3285 scere
939 3223 1036 3286 credas,

174 3290 236 3356 quir
248 3305 300 3341 non
317 3290 388 3343 videt
398 3291 512 3357 qnotidie
522 3289 654 3346 labantia?
686 3294 731 3345 Sa·
797 3293 858 3344 Nou
875 3308 942 3343 ruere
957 3292 1060 3355 confit,
1084 3292 1134 3345 Sto.

174 3373 211 3409 xa
224 3358 354 3425 deniqne,
375 3374 429 3426 quae
444 3359 544 3427 integra
554 3361 665 3414 vidimus
675 3362 731 3413 bre·
763 3359 812 3413 Sed
832 3359 893 3414 haic
913 3361 990 3426 etiam
1012 3360 1164 3423 conjedtarae
1182 3354 1316 3424 vulgatam

175 3419 203 3479 vi
225 3434 343 3492 tempore
359 3425 482 3481 labefacta
501 3426 579 3491 sunt,
600 3432 625 3482 dt
637 3429 737 3494 monti·¹
763 3422 900 3496 lettionem
911 3428 1021 3483 libenter
1030 3427 1171 3495 praferam.

174 3495 227 3548 bus
247 3492 463 3549 avnlsacarlttntr
482 3496 546 3558 Qnit
565 3503 650 3550 autem
664 3498 731 3549 «licat
800 3505 857 3563 319.
883 3499 1130 3566 Doriquejomtuerr,
1148 3492 1216 3561 dcc.)
1243 3490 1274 3547 V.
1287 3492 1315 3548 ὅ.

172 3563 223 3616 illo
239 3562 272 3615 ab
283 3562 521 3628 aeterno'extitissc‚
543 3582 597 3631 quae
608 3566 731 3632 temporit
763 3564 828 3619 Illos
845 3565 961 3631 refutat,
981 3568 1025 3634 qni
1035 3566 1120 3618 omnia
1138 3561 1227 3617 ecoelo
1241 3562 1315 3627 oriri,

170 3631 328 3686 finitiones
356 3631 451 3687 ecferre
459 3634 612 3701 nequeant?
725 3640 730 3647 '
766 3637 791 3688 dt
804 3636 832 3687 in
850 3635 951 3689 Caelum
969 3636 1064 3689 iterum
1078 3630 1174 3688 'resolvi
1190 3628 1318 3695 sentiunt,

209 3714 270 3764 309.
289 3702 326 3754 Fe
342 3699 473 3770 asonftr'.)
492 3702 594 3768 Faber,
615 3700 733 3774 Fiffitfu-
765 3706 792 3757 dc
804 3715 889 3757 tamen
905 3703 1006 3757 Colum
1018 3701 1100 3770 ipsum
1121 3700 1267 3755 immortale
1281 3701 1318 3780 ‚⁸⁶

187 3771 238 3822 ἀὶ
765 3780 889 3825 :eternum
902 3770 1032 3834 afferunt
1052 3773 1119 3825 Nam
1128 3771 1195 3839 quod
1213 3772 1240 3822 in
1254 3767 1317 3821 alraa

210 3847 271 3902 310.
298 3830 430 3891 Protodere
447 3835 543 3906 fines.)
593 3832 729 3895 Proferre:
765 3850 805 3903 tea
816 3841 937 3905 vertitur,
952 3840 984 3896 dr
996 3835 1063 3909 qnod
1073 3853 1106 3895 ert
1115 3835 1147 3894 iis
1159 3839 1236 3893 re'bnt
1250 3833 1319 3890 solu·

168 3904 297 3970 Plautus,
388 3948 391 3955 ·
647 3968 653 3976 ,
765 3911 983 3976 tiareparatur&
999 3909 1132 3975 relicitur,
1152 3909 1178 3961 ld
1191 3907 1320 3961 Nativunt

206 3976 298 4042 Neque
306 3974 361 4026 viri
377 3971 463 4027 Vatum
476 3975 542 4047 soret
559 3979 586 4030 r'n
603 3978 732 4045 wastinam
765 3975 868 4047 prorsas
884 3980 910 4032 o
927 3978 1049 4032 Mortale.

277 4042 394 4109 protolll.
494 4091 496 4101 ,
800 4058 857 4114 325·
879 4049 999 4100 Praeterea
1018 4044 1049 4115 st
1071 4046 1136 4099 nullo
1152 4039 1227 4110 fuit,
1250 4042 1320 4113 dec.)

208 4117 271 4179 313·
294 4113 377 4166 Cedere
389 4114 520 4184 proporro,
549 4111 624 4184 dcc.)
661 4115 733 4169 Gisa·
765 4116 861 4169 Mundi
873 4118 990 4180 novitas,
1009 4129 1035 4169 v.
1048 4124 1086 4180 14.
1103 4115 1245 4182 probatur,
1262 4120 1321 4167 tuln

167 4176 245 4247 nius,
764 4194 798 4238 eli
811 4196 843 4237 co
855 4213 875 4248 ,·
891 4184 959 4253 quod
979 4183 1096 4238 Historia
1105 4184 1233 4254 ,omnium
1251 4182 1320 4235 anti-

194 4252 331 4322 ,ᾤκητο
340 4244 734 4321 proporrosdtieunquesmtsce·
782 4251 890 4307 uiffime
906 4253 1032 4308 Thebano
1046 4260 1092 4307 ant
1110 4252 1228 4319 Trojano
1251 4248 1322 4303 bellu

276 4337 303 4372 re
321 4320 417 4387 credar,
625 4328 650 4358 -'
711 4355 716 4360 -
764 4333 766 4338 '
830 4391 849 4448 S
883 4320 1058 4389 antenor,
1078 4317 1343 4440 nt'tssedebzerkexatk

869 4405 886 4447 2
916 4409 919 4414 ”
1286 4400 1312 4437 *2
1385 4419 1390 4426 ·
