3150 4967
229 441 279 518 m
395 364 397 372 ⁴
598 423 1038 513 tttucnerns

279 588 506 699 Jamneyicme
527 586 648 686 igitur,
676 600 789 687 paullo
808 600 897 687 quod
914 599 1061 672 diximus
1077 598 1178 689 ante,
1280 595 1286 600 ’
1400 647 1416 694 3

233 680 409 788 Permagnr
425 682 545 757 referre
566 689 681 759 eadem
699 690 883 761 Primordia
902 686 986 778 saepe
1406 716 1416 726 ¹·

236 772 324 843 Cum
346 773 487 878 quibus,
514 778 653 865 &quali
671 776 817 867 potitura
838 780 1093 868 contineantur,

235 861 279 933 Et
300 885 383 949 quos
401 884 488 936 mter
503 862 537 952 se
555 865 635 939 dent
647 887 785 955 mutuo,
810 872 1057 957 accipiantque3

235 954 342 1039 Atque
363 952 476 1023 eadem
498 956 610 1043 paullo
627 959 714 1030 iuter
735 955 767 1029 se
791 977 918 1030 mutata
939 983 1047 1030 creare
1096 993 1099 1000 ¹

234 1040 342 1130 Igneis
361 1041 533 1131 ilignis,
559 1070 626 1133 quo
648 1051 753 1134 pecto·
766 1048 879 1134 Verba
897 1073 1030 1136 quoque
1049 1043 1117 1137 ipsa
1153 1135 1156 1142 ν
1179 1105 1182 1112 .
1286 1099 1316 1110 .-
1336 1089 1356 1117 i.

234 1131 326 1203 Intm
345 1128 379 1204 se
396 1133 507 1218 paullo
525 1138 661 1220 mutatis
682 1134 763 1210 sunt
781 1140 975 1224 elementis,
1355 1143 1361 1170 ¹

236 1222 326 1294 Cum
346 1223 496 1327 moun,
520 1240 618 1312 atque
637 1228 753 1306 Ioues
774 1228 925 1300 distincta
948 1251 1031 1299 voce
1045 1246 1214 1299 notemus.
1407 1278 1416 1310 ης

263 1313 437 1417 ‘Demque
461 1336 527 1399 pam
548 1339 753 1405 quaecunque
774 1321 811 1388 in
828 1317 927 1389 rebus
948 1319 1052 1390 cernis
1075 1317 1216 1406 apertis,
1290 1341 1294 1378 ῑ
1326 1341 1342 1354 ·’
1370 1341 1375 1356 ’
1413 1315 1416 1393 J

202 1409 207 1416 ’
239 1398 362 1474 Sallen
381 1426 454 1473 non
502 1400 565 1476 olse
584 1426 701 1493 putas,
727 1409 808 1496 quin
826 1408 980 1480 Materie'i

237 1427 566 1597 Corporonconllmili
589 1515 707 1567 natura
726 1498 861 1584 praedite
879 1495 1006 1585 sangae,

237 1580 311 1653 Huc
335 1597 462 1685 tattone
482 1582 545 1654 ubi
567 1608 707 1671 pereunt
725 1587 907 1659 Primordia
926 1611 1057 1658 rerum:
1117 1654 1120 1662 .

236 1672 310 1743 Fiet
331 1691 382 1742 utr
399 1668 466 1742 risu
487 1677 632 1746 tremulo
650 1674 798 1747 conculsa
817 1676 1036 1763 cachinnent,

236 1762 280 1834 Et
299 1761 451 1849 lacrymis
471 1761 557 1835 sellis
577 1762 869 1853 humectentora,
895 1764 1065 1855 genasque.
1372 1823 1380 1832 .

282 1853 386 1924 Nunc
405 1877 483 1942 nge,
507 1854 599 1943 quod
616 1851 779 1943 superest,
807 1854 989 1945 cognosce,
1018 1860 1050 1930 &
1069 1854 1187 1929 clarius
1208 1854 1299 1930 audi.
1313 1873 1382 1947 920

237 1942 313 2016 Nec
331 1966 383 2013 me
403 1944 505 2013 animi
522 1941 605 2028 fallit
626 1970 726 2033 quam
746 1942 813 2017 lint
835 1944 991 2033 obscura,
1016 1943 1151 2019 seducti
1352 1963 1374 1980 ·'

237 2027 394 2135 Percussit
410 2030 524 2119 thyrso
542 2034 663 2108 laudis
683 2032 754 2122 spes
776 2060 896 2124 magna
917 2038 1038 2108 Meum
1057 2058 1137 2121 cor,

237 2121 281 2194 Et
301 2123 397 2193 nmul
423 2120 554 2195 incussu
574 2122 710 2197 suavem
730 2132 779 2198 mi
803 2127 840 2198 in
856 2129 970 2216 pectus
990 2149 1140 2198 amorem

1266 2175 1382 2338 Mei*

288 2488 416 2550 Fulserunt
425 2489 618 2555 Flummc'i'flore
637 2500 723 2543 coorto.
824 2492 892 2545 verti
914 2487 1055 2557 suspicatur
1075 2490 1112 2542 Ga
1130 2489 1219 2551 entim,
1246 2495 1299 2543 aut.
1309 2483 1379 2546 cerel

273 2564 334 2621 906.
353 2556 445 2622 Jcmne
458 2560 525 2612 vicies
537 2561 632 2625 igitur,
651 2557 731 2627 soc.)
750 2558 796 2614 Se·
824 2559 977 2627 particulam
993 2557 1106 2611 Etinter
1119 2554 1309 2611 erenuam'effe
1360 2554 1381 2609 st

239 2626 401 2681 minamulta
410 2627 482 2695 Ignis
491 2628 518 2680 in
530 2627 619 2695 Lignis
632 2628 711 2682 latere
719 2625 796 2696 supra
823 2646 910 2681 rerum.
947 2626 1006 2680 Alia
1024 2626 1172 2680 Lambinus:
1195 2627 1220 2680 8t
1241 2624 1279 2677 Hi
1296 2625 1381 2692 dipu-

239 2692 422 2760 affirmaverat,
442 2696 584 2750 illaautem
595 2697 677 2765 Ligna
688 2696 794 2752 istanon
823 2704 899 2769 tent:
917 2694 970 2749 stuc
979 2697 1129 2763 interponas
1138 2694 1183 2761 Et,
1203 2693 1379 2765 fiverejicias,

239 2761 406 2829 consumere,
428 2765 488 2833 quie
507 2765 565 2818 aliis
589 2763 694 2819 diverse
705 2764 797 2834 figurae
823 2764 1176 2831 eademestargumentivie,
1197 2765 1223 2818 ἃ
1252 2763 1279 2815 ui
1291 2761 1380 2817 murm

239 2828 379 2887 seminibus
400 2834 524 2901 impedita
543 2831 654 2902 spetiem
674 2832 796 2889 formam·
823 2834 852 2888 in
862 2833 974 2887 Lucretio
985 2833 1071 2887 hiatus
1081 2835 1201 2901 patitur,
1221 2779 1271 2904 1lle
1291 2830 1328 2886 est
1342 2831 1381 2884 ui·-

239 2917 289 2971 quc
300 2902 371 2970 ignis
383 2904 491 2957 induere
512 2921 564 2956 non
584 2914 747 2971 potuerunt3
768 2906 794 2959 δι
823 2903 872 2955 mis
883 2901 1003 2970 elegans,
1024 2899 1185 2957 &morosum

237 2970 298 3024 inde
308 2988 334 3025 v.
344 2982 368 3030 8.
379 2969 454 3056 supra
464 2970 570 3039 posnam
579 2974 682 3042 Epicum'
692 2970 794 3027 senten·
857 2986 916 3035 9²0·
938 2973 1016 3025 Nune
1033 2972 1144 3039 agequod
1154 2966 1281 3041 superest,
1301 2966 1380 3033 &el

238 3041 303 3094 tiam
323 3042 424 3108 egregie
446 3039 596 3095 confirmat:
621 3043 793 3106 Communia,
824 3038 972 3109 Fatigetum
990 3038 1117 3106 longa-ele
1140 3053 1228 3091 rerum
1243 3036 1380 3105 principiis

171 3137 173 3142 ·
238 3112 291 3163 viz.
303 3108 351 3163 elle
366 3109 508 3164 multarum
517 3126 604 3164 rerum
617 3113 644 3164 in
654 3111 746 3164 multis
756 3127 798 3164 re·
824 3106 995 3177 disputatione
1014 3107 1165 3161 Memmium
1184 3107 1215 3158 ad
1237 3107 1337 3171 majora
1353 3107 1381 3160 ὣ

239 3179 287 3233 bus
298 3177 412 3238 semina,
432 3181 521 3233 eadem
534 3181 662 3247 principia
672 3179 794 3243 Goelum,
822 3174 972 3231 sublimiora
981 3177 1067 3240 ducit,
1082 3178 1112 3231 de
1121 3173 1166 3229 suo
1175 3175 1296 3228 Carmine
1305 3192 1332 3228 v.
1337 3187 1379 3241 30:

240 3248 354 3307 Terras,
386 3249 481 3312 Mare,
502 3250 589 3302 omnia
607 3250 718 3318 denique
736 3265 798 3301 con·
823 3245 1111 3367 magnificeloFuutus:
1131 3244 1270 3297 Horridum
1285 3241 1381 3300 elseE·

237 3318 364 3377 stituerci
383 3318 441 3371 ideo
455 3326 541 3372 autern
554 3329 598 3371 'res
619 3316 731 3371 diversas
747 3315 796 3371 else
823 3316 907 3382 picuri
918 3314 994 3368 Philo
1006 3314 1128 3382 ophim,
1148 3330 1196 3367 nec
1208 3314 1239 3365 ad
1249 3310 1325 3379 uulgi
1335 3325 1382 3380 guz

238 3386 299 3453 quia
318 3387 368 3439 alia
385 3384 482 3440 semina
505 3386 563 3440 aliis
582 3385 688 3441 diuerlae'
707 3386 797 3456 figurae
823 3383 890 3438 stum
910 3382 1026 3444 fatetur,
1045 3379 1254 3437 Promittitveru
1267 3377 1381 3434 revertit

238 3453 338 3510 diverso
353 3457 444 3510 ordine
465 3458 633 3524 junguntur,
655 3459 681 3510 e
693 3453 799 3509 diverli·
823 3450 872 3507 bus
884 3451 936 3507 sule
946 3451 1069 3507 suavibus
1089 3455 1114 3506 ἃ
1135 3452 1233 3505 decoris
1253 3448 1290 3503 ita
1308 3449 1382 3501 illam

238 3523 470 3588 tnodemouentur.
491 3534 521 3579 ut
531 3525 675 3578 invoeibus
686 3522 798 3579 LIGNA
824 3519 989 3590 perfusorum
1001 3524 1191 3577 &ornaturum
1204 3517 1262 3583 elle,
1282 3526 1314 3574 ut
1324 3515 1381 3586 spe·

238 3593 264 3647 ἁ
286 3593 382 3647 IGNIS
401 3610 549 3647 communes
575 3590 635 3647 sunt
648 3594 747 3659 litere,
771 3599 799 3647 et
825 3588 957 3644 ciosrffima
972 3590 1077 3645 tandem
1093 3592 1120 3643 lie
1134 3587 1277 3642 dulcissima
1294 3588 1393 3641 videa-x

237 3680 314 3717 voces
326 3661 383 3732 iplae
394 3662 454 3717 sum
463 3659 575 3715 diverse.
780 3689 782 3694 ·
824 3666 886 3714 tur:
907 3658 998 3715 saltem
1014 3660 1039 3713 id
1053 3657 1205 3712 effecturum
1217 3658 1284 3725 quod
1294 3656 1383 3710 Meui-

273 3742 334 3796 908.
357 3729 559 3799 contineantur.)
577 3730 632 3785 Alii
645 3731 797 3797 Conjungan·
824 3730 848 3782 ci
858 3726 975 3793 faciunt,
990 3730 1034 3850 lsi
1042 3729 1170 3795 ingratam
1179 3729 1383 3806 potionempue·

239 3811 296 3856 tur:
318 3805 508 3869 contingenter,
528 3799 561 3854 B.
573 3802 642 3855 unde
655 3802 799 3870 Cmtignm-
825 3799 861 3852 ris
886 3800 976 3852 dautes
1015 3797 1085 3851 oculi
1110 3812 1166 3850 ores
1186 3792 1262 3849 melle
1281 3803 1384 3848 contin·

235 3881 284 3925 tut.
324 3892 326 3895 ’
403 3873 406 3882 “
457 3887 460 3892 ’
825 3874 912 3937 gunt3
932 3869 1008 3933 cujus
1018 3864 1106 3933 sapore
1122 3866 1221 3933 decepti
1232 3864 1384 3931 pueriamaz

276 3953 339 4003 914.
358 3939 467 4007 Denique
470 3940 527 4003 jum
538 3956 682 4007 quaeeunpue
692 3976 702 4002 ,
714 3936 797 4007 δότ.)
825 3938 941 3992 raetiam
950 3936 1091 3990 Pharmica
1102 3932 1245 3988 absorbent.
1283 3932 1384 4002 Impro-

235 4005 379 4061 Ultimum¹
392 4016 576 4075 argumentum
590 4009 682 4063 eontra¹
695 4008 798 4061 Anaxa·
825 4007 873 4060 bue
899 4007 987 4060 uidem
998 4005 1040 4058 hic
1051 4003 1123 4058 labor
1137 4042 1145 4068 ‚
1166 4001 1209 4057 sed
1217 4001 1313 4055 futurae
1329 4000 1384 4069 glos

236 4092 324 4145 goram
333 4074 439 4153 subjicit
452 4094 485 4131 ex
495 4076 603 4132 absurdo
611 4094 638 4130 v.
651 4083 678 4131 6.
701 4076 734 4131 Se
752 4093 799 4131 ue·
825 4023 898 4129 ries
906 4074 1054 4137 esincitat,
1077 4076 1142 4128 &ut
1152 4073 1274 4125 Memmio
1289 4067 1334 4123 suo
1343 4079 1385 4125 tc·

237 4156 310 4201 retut
320 4147 571 4227 enimimmmpftaef
582 4146 718 4210 ridentes,
734 4092 801 4200 len·
825 4154 879 4199 tam
921 4151 1022 4198 atatam
1036 4158 1124 4196 rerum
1141 4141 1273 4208 explicet,
1294 4155 1385 4207 eggre-

235 4225 344 4284 tcsque‚
366 4214 746 4285 &aliasidgenns'conliitui,
767 4222 799 4269 ut
825 4214 896 4266 ditur
908 4229 974 4280 opus
983 4209 1100 4276 difficile,
1119 4211 1245 4273 arduum,
1266 4206 1383 4262 &enula

236 4283 364 4340 omniaex
380 4284 507 4343 similibus
519 4285 578 4343 lieri
588 4285 753 4355 probaretur.
824 4282 852 4338 lo
864 4281 1101 4340 hactenus-Latino
1112 4280 1235 4337 Carmine·
1242 4284 1383 4335 tentatum

238 2415 293 2473 Alii
303 2416 317 2472 ὲ
328 2418 461 2475 veteribus
473 2418 552 2473 eouu.
566 2418 765 2489 longemeliue,
858 2434 919 2486 917.
940 2418 1064 2488 Rerum.)
1082 2415 1189 2610 Alsum
1198 2391 1381 2475 deesseauta'uss
