<?xml version="1.0" encoding="UTF-8"?>
<!DOCTYPE html PUBLIC "-//W3C//DTD XHTML 1.0 Transitional//EN"
    "http://www.w3.org/TR/xhtml1/DTD/xhtml1-transitional.dtd">
<html xmlns="http://www.w3.org/1999/xhtml" xml:lang="en" lang="en">
 <head>
  <title>
</title>
<meta http-equiv="Content-Type" content="text/html;charset=utf-8" />
  <meta name='ocr-system' content='tesseract 3.04.00' />
  <meta name='ocr-capabilities' content='ocr_page ocr_carea ocr_par ocr_line ocrx_word'/>
</head>
<body>
  <div class='ocr_page' id='page_1' title='image "./tlucretiicaride02carugoog_0361.png"; bbox 0 0 3150 4967; ppageno 0'>
   <div class='ocr_carea' id='block_1_1' title="bbox 432 332 1237 535">
    <p class='ocr_par' dir='ltr' id='par_1_1' title="bbox 432 332 1237 535">
     <span class='ocr_line' id='line_1_1' title="bbox 432 332 1237 535; baseline 0.024 -39"><span class='ocrx_word' id='word_1_1' title='bbox 432 411 613 496; x_wconf 76' lang='lat' dir='ltr'><strong>trouu</strong></span> <span class='ocrx_word' id='word_1_2' title='bbox 655 410 907 535; x_wconf 78' lang='lat' dir='ltr'><strong>sextus.</strong></span> <span class='ocrx_word' id='word_1_3' title='bbox 949 428 960 442; x_wconf 49' lang='lat'><em>³</em></span> <span class='ocrx_word' id='word_1_4' title='bbox 1028 488 1032 495; x_wconf 96' lang='lat'>.</span> <span class='ocrx_word' id='word_1_5' title='bbox 1130 332 1237 518; x_wconf 62' lang='grc' dir='ltr'><strong>Ι343</strong></span> 
     </span>
    </p>
   </div>
   <div class='ocr_carea' id='block_1_2' title="bbox 231 578 1236 2890">
    <p class='ocr_par' dir='ltr' id='par_1_2' title="bbox 232 578 1019 676">
     <span class='ocr_line' id='line_1_2' title="bbox 232 578 1019 676; baseline 0.003 -23"><span class='ocrx_word' id='word_1_6' title='bbox 232 608 239 653; x_wconf 81' lang='lat' dir='ltr'><strong>r</strong></span> <span class='ocrx_word' id='word_1_7' title='bbox 259 578 617 668; x_wconf 68' lang='lat' dir='ltr'><strong>brachiesuelaciunt,</strong></span> <span class='ocrx_word' id='word_1_8' title='bbox 639 580 838 671; x_wconf 69' lang='lat' dir='ltr'><strong>firmentque</strong></span> <span class='ocrx_word' id='word_1_9' title='bbox 857 584 1019 676; x_wconf 79' lang='lat' dir='ltr'><strong>lacertos3</strong></span> 
     </span>
    </p>

    <p class='ocr_par' dir='ltr' id='par_1_3' title="bbox 232 672 886 761">
     <span class='ocr_line' id='line_1_3' title="bbox 232 672 886 761; baseline 0.005 -20"><span class='ocrx_word' id='word_1_10' title='bbox 232 697 310 761; x_wconf 74' lang='lat' dir='ltr'><strong>tque</strong></span> <span class='ocrx_word' id='word_1_11' title='bbox 329 672 434 752; x_wconf 82' lang='lat' dir='ltr'><strong>Patris</strong></span> <span class='ocrx_word' id='word_1_12' title='bbox 455 696 513 743; x_wconf 87' lang='lat' dir='ltr'><strong>cur</strong></span> <span class='ocrx_word' id='word_1_13' title='bbox 535 673 639 743; x_wconf 90' lang='lat' dir='ltr'><strong>telum</strong></span> <span class='ocrx_word' id='word_1_14' title='bbox 658 673 886 761; x_wconf 84' lang='lat' dir='ltr'><strong>perpetiuntur</strong></span> 
     </span>
    </p>

    <p class='ocr_par' dir='ltr' id='par_1_4' title="bbox 232 757 1066 849">
     <span class='ocr_line' id='line_1_4' title="bbox 232 757 1066 849; baseline 0.005 -18"><span class='ocrx_word' id='word_1_15' title='bbox 232 764 282 833; x_wconf 77' lang='lat' dir='ltr'><strong>ii?</strong></span> <span class='ocrx_word' id='word_1_16' title='bbox 310 786 368 832; x_wconf 89' lang='lat' dir='ltr'><strong>cur</strong></span> <span class='ocrx_word' id='word_1_17' title='bbox 386 757 457 849; x_wconf 86' lang='lat' dir='ltr'><strong>lpse</strong></span> <span class='ocrx_word' id='word_1_18' title='bbox 477 759 582 847; x_wconf 84' lang='lat' dir='ltr'><strong>finit,</strong></span> <span class='ocrx_word' id='word_1_19' title='bbox 607 786 714 848; x_wconf 88' lang='lat' dir='ltr'><strong>neque</strong></span> <span class='ocrx_word' id='word_1_20' title='bbox 735 764 837 849; x_wconf 84' lang='lat' dir='ltr'><strong>parcit</strong></span> <span class='ocrx_word' id='word_1_21' title='bbox 855 762 891 832; x_wconf 90' lang='lat' dir='ltr'><strong>in</strong></span> <span class='ocrx_word' id='word_1_22' title='bbox 912 758 1066 835; x_wconf 86' lang='lat' dir='ltr'><strong>hosteis?</strong></span> 
     </span>
    </p>

    <p class='ocr_par' dir='ltr' id='par_1_5' title="bbox 233 851 1069 939">
     <span class='ocr_line' id='line_1_5' title="bbox 233 851 1069 939; baseline 0.001 -18"><span class='ocrx_word' id='word_1_23' title='bbox 233 877 316 938; x_wconf 87' lang='lat' dir='ltr'><strong>que,</strong></span> <span class='ocrx_word' id='word_1_24' title='bbox 342 875 400 921; x_wconf 89' lang='lat' dir='ltr'><strong>cur</strong></span> <span class='ocrx_word' id='word_1_25' title='bbox 418 874 589 939; x_wconf 86' lang='lat' dir='ltr'><strong>nunquam</strong></span> <span class='ocrx_word' id='word_1_26' title='bbox 608 854 691 921; x_wconf 88' lang='lat' dir='ltr'><strong>coelo</strong></span> <span class='ocrx_word' id='word_1_27' title='bbox 716 851 790 938; x_wconf 77' lang='lat' dir='ltr'><strong>jacit</strong></span> <span class='ocrx_word' id='word_1_28' title='bbox 812 852 961 938; x_wconf 89' lang='lat' dir='ltr'><strong>undique</strong></span> <span class='ocrx_word' id='word_1_29' title='bbox 983 874 1069 939; x_wconf 92' lang='lat' dir='ltr'><strong>puro</strong></span> 
     </span>
    </p>

    <p class='ocr_par' dir='ltr' id='par_1_6' title="bbox 232 937 1236 1117">
     <span class='ocr_line' id='line_1_6' title="bbox 247 937 1236 1033; baseline 0.005 -23"><span class='ocrx_word' id='word_1_30' title='bbox 247 944 284 1012; x_wconf 93' lang='lat' dir='ltr'><strong>in</strong></span> <span class='ocrx_word' id='word_1_31' title='bbox 301 958 404 1011; x_wconf 80' lang='lat' dir='ltr'><strong>terras</strong></span> <span class='ocrx_word' id='word_1_32' title='bbox 422 941 585 1026; x_wconf 82' lang='lat' dir='ltr'>Fulmen,</span> <span class='ocrx_word' id='word_1_33' title='bbox 610 937 798 1027; x_wconf 85' lang='lat' dir='ltr'><strong>sonitusque</strong></span> <span class='ocrx_word' id='word_1_34' title='bbox 821 938 1020 1027; x_wconf 78' lang='lat' dir='ltr'><strong>profundit?</strong></span> <span class='ocrx_word' id='word_1_35' title='bbox 1167 961 1236 1033; x_wconf 79' lang='lat'><strong>400</strong></span> 
     </span>
     <span class='ocr_line' id='line_1_7' title="bbox 232 1025 1048 1117; baseline 0.001 -17"><span class='ocrx_word' id='word_1_36' title='bbox 232 1031 265 1100; x_wconf 94' lang='lat' dir='ltr'><strong>ul</strong></span> <span class='ocrx_word' id='word_1_37' title='bbox 286 1054 324 1101; x_wconf 86' lang='lat' dir='ltr'><strong>ae</strong></span> <span class='ocrx_word' id='word_1_38' title='bbox 338 1028 457 1101; x_wconf 87' lang='lat' dir='ltr'>Nubes</span> <span class='ocrx_word' id='word_1_39' title='bbox 475 1025 665 1115; x_wconf 84' lang='lat' dir='ltr'><strong>succeffere,</strong></span> <span class='ocrx_word' id='word_1_40' title='bbox 690 1028 759 1117; x_wconf 85' lang='lat' dir='ltr'><strong>lpse</strong></span> <span class='ocrx_word' id='word_1_41' title='bbox 779 1031 817 1100; x_wconf 93' lang='lat' dir='ltr'><strong>in</strong></span> <span class='ocrx_word' id='word_1_42' title='bbox 837 1054 889 1102; x_wconf 84' lang='lat' dir='ltr'><strong>eus</strong></span> <span class='ocrx_word' id='word_1_43' title='bbox 909 1048 985 1102; x_wconf 91' lang='lat' dir='ltr'><strong>turn</strong></span> <span class='ocrx_word' id='word_1_44' title='bbox 1044 1052 1048 1068; x_wconf 94' lang='grc'>·</span> 
     </span>
    </p>

    <p class='ocr_par' dir='ltr' id='par_1_7' title="bbox 232 1118 999 1207">
     <span class='ocr_line' id='line_1_8' title="bbox 232 1118 999 1207; baseline 0.005 -18"><span class='ocrx_word' id='word_1_45' title='bbox 232 1118 297 1204; x_wconf 80' lang='lat' dir='ltr'><strong>iit,</strong></span> <span class='ocrx_word' id='word_1_46' title='bbox 323 1119 423 1207; x_wconf 70' lang='lat' dir='ltr'><strong>prope</strong></span> <span class='ocrx_word' id='word_1_47' title='bbox 437 1136 480 1190; x_wconf 90' lang='lat' dir='ltr'><strong>ut</strong></span> <span class='ocrx_word' id='word_1_48' title='bbox 499 1118 579 1189; x_wconf 91' lang='lat' dir='ltr'><strong>hinc</strong></span> <span class='ocrx_word' id='word_1_49' title='bbox 597 1119 651 1189; x_wconf 92' lang='lat' dir='ltr'><strong>teli</strong></span> <span class='ocrx_word' id='word_1_50' title='bbox 671 1118 868 1191; x_wconf 83' lang='lat' dir='ltr'><strong>determinet</strong></span> <span class='ocrx_word' id='word_1_51' title='bbox 886 1119 999 1193; x_wconf 68' lang='lat' dir='ltr'><strong>irtus?</strong></span> 
     </span>
    </p>

    <p class='ocr_par' dir='ltr' id='par_1_8' title="bbox 232 1207 975 1297">
     <span class='ocr_line' id='line_1_9' title="bbox 232 1207 975 1297; baseline 0.001 -19"><span class='ocrx_word' id='word_1_52' title='bbox 232 1234 249 1278; x_wconf 91' lang='lat' dir='ltr'><strong>e</strong></span> <span class='ocrx_word' id='word_1_53' title='bbox 270 1233 335 1295; x_wconf 83' lang='lat' dir='ltr'><strong>quo</strong></span> <span class='ocrx_word' id='word_1_54' title='bbox 352 1232 451 1297; x_wconf 87' lang='lat' dir='ltr'><strong>porro</strong></span> <span class='ocrx_word' id='word_1_55' title='bbox 469 1208 571 1279; x_wconf 92' lang='lat' dir='ltr'><strong>mittit</strong></span> <span class='ocrx_word' id='word_1_56' title='bbox 587 1207 747 1283; x_wconf 86' lang='lat' dir='ltr'><strong>ratione?</strong></span> <span class='ocrx_word' id='word_1_57' title='bbox 769 1209 848 1296; x_wconf 92' lang='lat' dir='ltr'><strong>quid</strong></span> <span class='ocrx_word' id='word_1_58' title='bbox 869 1209 975 1281; x_wconf 84' lang='lat' dir='ltr'><strong>undas</strong></span> 
     </span>
    </p>

    <p class='ocr_par' dir='ltr' id='par_1_9' title="bbox 231 1295 1234 1742">
     <span class='ocr_line' id='line_1_10' title="bbox 232 1295 1200 1390; baseline 0.003 -21"><span class='ocrx_word' id='word_1_59' title='bbox 232 1300 295 1369; x_wconf 81' lang='lat'><strong>.‘&amp;</strong></span> <span class='ocrx_word' id='word_1_60' title='bbox 313 1298 470 1385; x_wconf 87' lang='lat' dir='ltr'>liquidam</span> <span class='ocrx_word' id='word_1_61' title='bbox 495 1297 641 1382; x_wconf 88' lang='lat' dir='ltr'><strong>molem,</strong></span> <span class='ocrx_word' id='word_1_62' title='bbox 667 1295 861 1386; x_wconf 83' lang='lat' dir='ltr'><strong>camposque</strong></span> <span class='ocrx_word' id='word_1_63' title='bbox 884 1296 1076 1372; x_wconf 83' lang='lat' dir='ltr'><strong>natanteis?</strong></span> <span class='ocrx_word' id='word_1_64' title='bbox 1197 1385 1200 1390; x_wconf 24' lang='lat'><strong><em>¹</em></strong></span> 
     </span>
     <span class='ocr_line' id='line_1_11' title="bbox 232 1385 1234 1477; baseline 0.003 -21"><span class='ocrx_word' id='word_1_65' title='bbox 232 1411 324 1472; x_wconf 68' lang='lat' dir='ltr'><strong>ereo,</strong></span> <span class='ocrx_word' id='word_1_66' title='bbox 350 1385 376 1457; x_wconf 87' lang='lat' dir='ltr'><strong>li</strong></span> <span class='ocrx_word' id='word_1_67' title='bbox 398 1388 473 1458; x_wconf 94' lang='lat' dir='ltr'><strong>vult</strong></span> <span class='ocrx_word' id='word_1_68' title='bbox 492 1411 665 1458; x_wconf 83' lang='lat' dir='ltr'><strong>caveamus</strong></span> <span class='ocrx_word' id='word_1_69' title='bbox 685 1387 847 1460; x_wconf 87' lang='lat' dir='ltr'><strong>Fulminis</strong></span> <span class='ocrx_word' id='word_1_70' title='bbox 867 1389 983 1474; x_wconf 77' lang='lat' dir='ltr'><strong>ittum,</strong></span> <span class='ocrx_word' id='word_1_71' title='bbox 1165 1397 1234 1477; x_wconf 78' lang='lat'><strong>405</strong></span> 
     </span>
     <span class='ocr_line' id='line_1_12' title="bbox 232 1474 1132 1563; baseline 0.008 -19"><span class='ocrx_word' id='word_1_72' title='bbox 232 1476 322 1547; x_wconf 64' lang='lat' dir='ltr'><strong>[bitot</strong></span> <span class='ocrx_word' id='word_1_73' title='bbox 342 1474 470 1562; x_wconf 81' lang='lat' dir='ltr'><strong>fucere,</strong></span> <span class='ocrx_word' id='word_1_74' title='bbox 496 1495 534 1546; x_wconf 92' lang='lat' dir='ltr'><strong>ut</strong></span> <span class='ocrx_word' id='word_1_75' title='bbox 554 1474 713 1563; x_wconf 80' lang='lat' dir='ltr'><strong>pollrmus</strong></span> <span class='ocrx_word' id='word_1_76' title='bbox 734 1476 1051 1551; x_wconf 80' lang='lat' dir='ltr'><strong>cernere-millum?</strong></span> <span class='ocrx_word' id='word_1_77' title='bbox 1130 1525 1132 1531; x_wconf 94' lang='lat'>·</span> 
     </span>
     <span class='ocr_line' id='line_1_13' title="bbox 234 1566 944 1656; baseline 0.004 -22"><span class='ocrx_word' id='word_1_78' title='bbox 234 1568 419 1653; x_wconf 85' lang='lat' dir='ltr'><strong>opinanteis</strong></span> <span class='ocrx_word' id='word_1_79' title='bbox 439 1584 553 1636; x_wconf 86' lang='lat' dir='ltr'><strong>autem</strong></span> <span class='ocrx_word' id='word_1_80' title='bbox 571 1566 645 1637; x_wconf 91' lang='lat' dir='ltr'><strong>vult</strong></span> <span class='ocrx_word' id='word_1_81' title='bbox 663 1569 847 1654; x_wconf 83' lang='lat' dir='ltr'><strong>opprimere</strong></span> <span class='ocrx_word' id='word_1_82' title='bbox 862 1566 944 1656; x_wconf 84' lang='lat' dir='ltr'><strong>igni,</strong></span> 
     </span>
     <span class='ocr_line' id='line_1_14' title="bbox 231 1655 956 1742; baseline 0.004 -17"><span class='ocrx_word' id='word_1_83' title='bbox 231 1674 279 1725; x_wconf 84' lang='lat' dir='ltr'><strong>nt</strong></span> <span class='ocrx_word' id='word_1_84' title='bbox 304 1655 418 1726; x_wconf 87' lang='lat' dir='ltr'><strong>exilia</strong></span> <span class='ocrx_word' id='word_1_85' title='bbox 442 1674 557 1742; x_wconf 83' lang='lat' dir='ltr'><strong>parte,</strong></span> <span class='ocrx_word' id='word_1_86' title='bbox 583 1676 621 1726; x_wconf 89' lang='lat' dir='ltr'><strong>ut</strong></span> <span class='ocrx_word' id='word_1_87' title='bbox 638 1656 742 1725; x_wconf 82' lang='lat' dir='ltr'><strong>vitare</strong></span> <span class='ocrx_word' id='word_1_88' title='bbox 765 1657 956 1741; x_wconf 83' lang='lat' dir='ltr'><strong>queamus?</strong></span> 
     </span>
    </p>

    <p class='ocr_par' dir='ltr' id='par_1_10' title="bbox 232 1741 1129 1829">
     <span class='ocr_line' id='line_1_15' title="bbox 232 1741 1129 1829; baseline 0.007 -15"><span class='ocrx_word' id='word_1_89' title='bbox 232 1746 331 1815; x_wconf 74' lang='lat' dir='ltr'><strong>tebras</strong></span> <span class='ocrx_word' id='word_1_90' title='bbox 354 1743 457 1829; x_wconf 75' lang='lat' dir='ltr'><strong>ente,</strong></span> <span class='ocrx_word' id='word_1_91' title='bbox 484 1746 516 1815; x_wconf 70' lang='grc' dir='ltr'>ἃ</span> <span class='ocrx_word' id='word_1_92' title='bbox 540 1741 712 1829; x_wconf 87' lang='lat' dir='ltr'><strong>fremitus,</strong></span> <span class='ocrx_word' id='word_1_93' title='bbox 738 1745 771 1815; x_wconf 81' lang='lat' dir='ltr'><strong>dr</strong></span> <span class='ocrx_word' id='word_1_94' title='bbox 794 1768 966 1817; x_wconf 81' lang='lat' dir='ltr'><strong>murmura</strong></span> <span class='ocrx_word' id='word_1_95' title='bbox 995 1744 1129 1820; x_wconf 83' lang='lat' dir='ltr'><strong>concit?</strong></span> 
     </span>
    </p>

    <p class='ocr_par' dir='ltr' id='par_1_11' title="bbox 232 1830 1231 2010">
     <span class='ocr_line' id='line_1_16' title="bbox 232 1830 1231 1924; baseline 0.005 -21"><span class='ocrx_word' id='word_1_96' title='bbox 232 1836 293 1905; x_wconf 91' lang='lat' dir='ltr'><strong>nul</strong></span> <span class='ocrx_word' id='word_1_97' title='bbox 313 1835 349 1906; x_wconf 91' lang='lat' dir='ltr'><strong>in</strong></span> <span class='ocrx_word' id='word_1_98' title='bbox 367 1833 487 1906; x_wconf 85' lang='lat' dir='ltr'><strong>multas</strong></span> <span class='ocrx_word' id='word_1_99' title='bbox 508 1834 626 1920; x_wconf 81' lang='lat' dir='ltr'><strong>parteis</strong></span> <span class='ocrx_word' id='word_1_100' title='bbox 643 1839 705 1921; x_wconf 83' lang='lat' dir='ltr'><strong>&#39;qui</strong></span> <span class='ocrx_word' id='word_1_101' title='bbox 723 1833 853 1903; x_wconf 83' lang='lat' dir='ltr'><strong>credere</strong></span> <span class='ocrx_word' id='word_1_102' title='bbox 875 1830 973 1920; x_wconf 81' lang='lat' dir='ltr'><strong>poffis</strong></span> <span class='ocrx_word' id='word_1_103' title='bbox 1161 1851 1231 1924; x_wconf 80' lang='lat'><strong>410</strong></span> 
     </span>
     <span class='ocr_line' id='line_1_17' title="bbox 238 1919 1075 2010; baseline 0.002 -17"><span class='ocrx_word' id='word_1_104' title='bbox 238 1924 253 1993; x_wconf 70' lang='grc' dir='ltr'><em>ἲ</em></span> <span class='ocrx_word' id='word_1_105' title='bbox 275 1948 318 1995; x_wconf 90' lang='lat' dir='ltr'><strong>an</strong></span> <span class='ocrx_word' id='word_1_106' title='bbox 339 1922 404 1993; x_wconf 89' lang='lat' dir='ltr'><strong>hoe</strong></span> <span class='ocrx_word' id='word_1_107' title='bbox 423 1920 507 1994; x_wconf 83' lang='lat' dir='ltr'><strong>aufis</strong></span> <span class='ocrx_word' id='word_1_108' title='bbox 525 1947 697 2010; x_wconf 82' lang='lat' dir='ltr'><strong>nunquam</strong></span> <span class='ocrx_word' id='word_1_109' title='bbox 720 1921 919 1993; x_wconf 88' lang='lat' dir='ltr'><strong>contendere</strong></span> <span class='ocrx_word' id='word_1_110' title='bbox 938 1919 1075 2010; x_wconf 73' lang='lat' dir='ltr'><strong>latium,</strong></span> 
     </span>
    </p>

    <p class='ocr_par' dir='ltr' id='par_1_12' title="bbox 232 2007 910 2099">
     <span class='ocr_line' id='line_1_18' title="bbox 232 2007 910 2099; baseline 0.016 -23"><span class='ocrx_word' id='word_1_111' title='bbox 232 2032 277 2081; x_wconf 89' lang='lat' dir='ltr'><strong>:nt</strong></span> <span class='ocrx_word' id='word_1_112' title='bbox 300 2014 386 2083; x_wconf 75' lang='lat' dir='ltr'><strong>itlus</strong></span> <span class='ocrx_word' id='word_1_113' title='bbox 407 2037 476 2082; x_wconf 92' lang='lat' dir='ltr'><strong>uno</strong></span> <span class='ocrx_word' id='word_1_114' title='bbox 500 2007 560 2083; x_wconf 86' lang='lat' dir='ltr'><strong>sub</strong></span> <span class='ocrx_word' id='word_1_115' title='bbox 587 2030 735 2098; x_wconf 89' lang='lat' dir='ltr'><strong>tempore</strong></span> <span class='ocrx_word' id='word_1_116' title='bbox 754 2012 910 2099; x_wconf 81' lang='lat' dir='ltr'><strong>plures?</strong></span> 
     </span>
    </p>

    <p class='ocr_par' dir='ltr' id='par_1_13' title="bbox 254 2096 988 2189">
     <span class='ocr_line' id='line_1_19' title="bbox 254 2096 988 2189; baseline 0.004 -19"><span class='ocrx_word' id='word_1_117' title='bbox 254 2100 291 2171; x_wconf 87' lang='lat' dir='ltr'><strong>’st</strong></span> <span class='ocrx_word' id='word_1_118' title='bbox 309 2125 447 2173; x_wconf 89' lang='lat' dir='ltr'><strong>numero</strong></span> <span class='ocrx_word' id='word_1_119' title='bbox 468 2098 613 2181; x_wconf 66' lang='lat' dir='ltr'><strong>ledum,</strong></span> <span class='ocrx_word' id='word_1_120' title='bbox 638 2098 775 2189; x_wconf 85' lang='lat' dir='ltr'><strong>fierique</strong></span> <span class='ocrx_word' id='word_1_121' title='bbox 792 2096 914 2174; x_wconf 78' lang='lat' dir='ltr'><strong>necelt&#39;e</strong></span> <span class='ocrx_word' id='word_1_122' title='bbox 937 2097 988 2187; x_wconf 85' lang='lat' dir='ltr'><strong>&#39;st,</strong></span> 
     </span>
    </p>

    <p class='ocr_par' dir='ltr' id='par_1_14' title="bbox 234 2189 1078 2279">
     <span class='ocr_line' id='line_1_20' title="bbox 234 2189 1078 2279; baseline 0.004 -19"><span class='ocrx_word' id='word_1_123' title='bbox 234 2215 267 2261; x_wconf 92' lang='lat' dir='ltr'><strong>re</strong></span> <span class='ocrx_word' id='word_1_124' title='bbox 288 2192 324 2262; x_wconf 91' lang='lat' dir='ltr'><strong>in</strong></span> <span class='ocrx_word' id='word_1_125' title='bbox 343 2192 454 2263; x_wconf 90' lang='lat' dir='ltr'><strong>multis</strong></span> <span class='ocrx_word' id='word_1_126' title='bbox 474 2189 685 2279; x_wconf 86' lang='lat' dir='ltr'><strong>regionibus,</strong></span> <span class='ocrx_word' id='word_1_127' title='bbox 708 2194 740 2261; x_wconf 89' lang='lat'>&amp;</span> <span class='ocrx_word' id='word_1_128' title='bbox 764 2190 878 2262; x_wconf 81' lang='lat' dir='ltr'><strong>cadere</strong></span> <span class='ocrx_word' id='word_1_129' title='bbox 896 2190 1050 2279; x_wconf 88' lang='lat' dir='ltr'><strong>Imbreis,</strong></span> <span class='ocrx_word' id='word_1_130' title='bbox 1076 2194 1078 2200; x_wconf 72' lang='grc'>’</span> 
     </span>
    </p>

    <p class='ocr_par' dir='ltr' id='par_1_15' title="bbox 232 2278 1228 2458">
     <span class='ocr_line' id='line_1_21' title="bbox 232 2278 1228 2373; baseline 0.002 -22"><span class='ocrx_word' id='word_1_131' title='bbox 232 2307 240 2351; x_wconf 87' lang='grc' dir='ltr'>ι</span> <span class='ocrx_word' id='word_1_132' title='bbox 260 2278 304 2351; x_wconf 86' lang='lat' dir='ltr'><strong>fic</strong></span> <span class='ocrx_word' id='word_1_133' title='bbox 323 2306 393 2353; x_wconf 92' lang='lat' dir='ltr'><strong>uno</strong></span> <span class='ocrx_word' id='word_1_134' title='bbox 417 2279 489 2352; x_wconf 81' lang='lat' dir='ltr'><strong>lieri</strong></span> <span class='ocrx_word' id='word_1_135' title='bbox 508 2278 570 2351; x_wconf 86' lang='lat' dir='ltr'><strong>sub</strong></span> <span class='ocrx_word' id='word_1_136' title='bbox 590 2298 738 2367; x_wconf 88' lang='lat' dir='ltr'><strong>tempore</strong></span> <span class='ocrx_word' id='word_1_137' title='bbox 764 2282 878 2353; x_wconf 81' lang='lat' dir='ltr'><strong>multu.</strong></span> <span class='ocrx_word' id='word_1_138' title='bbox 1159 2299 1228 2373; x_wconf 81' lang='lat'><strong>415</strong></span> 
     </span>
     <span class='ocr_line' id='line_1_22' title="bbox 232 2366 1009 2458; baseline 0.001 -18"><span class='ocrx_word' id='word_1_139' title='bbox 232 2373 323 2455; x_wconf 72' lang='lat' dir='ltr'><strong>tmd,</strong></span> <span class='ocrx_word' id='word_1_140' title='bbox 350 2394 408 2441; x_wconf 87' lang='lat' dir='ltr'><strong>cur</strong></span> <span class='ocrx_word' id='word_1_141' title='bbox 430 2368 540 2441; x_wconf 75' lang='lat' dir='ltr'><strong>santia</strong></span> <span class='ocrx_word' id='word_1_142' title='bbox 557 2372 670 2441; x_wconf 83' lang='lat' dir='ltr'><strong>Delrm</strong></span> <span class='ocrx_word' id='word_1_143' title='bbox 690 2369 849 2456; x_wconf 86' lang='lat' dir='ltr'><strong>delubra,</strong></span> <span class='ocrx_word' id='word_1_144' title='bbox 874 2366 1009 2458; x_wconf 80' lang='lat' dir='ltr'><strong>suasque</strong></span> 
     </span>
    </p>

    <p class='ocr_par' dir='ltr' id='par_1_16' title="bbox 248 2456 861 2548">
     <span class='ocr_line' id='line_1_23' title="bbox 248 2456 861 2548; baseline -0.002 -18"><span class='ocrx_word' id='word_1_145' title='bbox 248 2458 364 2531; x_wconf 89' lang='lat' dir='ltr'><strong>infesto</strong></span> <span class='ocrx_word' id='word_1_146' title='bbox 384 2460 551 2548; x_wconf 82' lang='lat' dir='ltr'><strong>praecluras</strong></span> <span class='ocrx_word' id='word_1_147' title='bbox 575 2460 729 2533; x_wconf 85' lang='lat' dir='ltr'><strong>Fulmine</strong></span> <span class='ocrx_word' id='word_1_148' title='bbox 749 2456 861 2530; x_wconf 84' lang='lat' dir='ltr'><strong>sedes:</strong></span> 
     </span>
    </p>

    <p class='ocr_par' dir='ltr' id='par_1_17' title="bbox 253 2545 1001 2636">
     <span class='ocr_line' id='line_1_24' title="bbox 253 2545 1001 2636; baseline 0 -17"><span class='ocrx_word' id='word_1_149' title='bbox 253 2547 337 2621; x_wconf 77' lang='lat' dir='ltr'><strong>fatto</strong></span> <span class='ocrx_word' id='word_1_150' title='bbox 358 2551 472 2621; x_wconf 79' lang='lat' dir='ltr'><strong>Deum</strong></span> <span class='ocrx_word' id='word_1_151' title='bbox 498 2545 622 2636; x_wconf 83' lang='lat' dir='ltr'><strong>frangit</strong></span> <span class='ocrx_word' id='word_1_152' title='bbox 641 2546 841 2621; x_wconf 80' lang='lat' dir='ltr'><strong>simulacra?</strong></span> <span class='ocrx_word' id='word_1_153' title='bbox 873 2545 1001 2635; x_wconf 84' lang='lat' dir='ltr'><strong>suisque</strong></span> 
     </span>
    </p>

    <p class='ocr_par' dir='ltr' id='par_1_18' title="bbox 235 2636 1225 2890">
     <span class='ocr_line' id='line_1_25' title="bbox 235 2636 1219 2727; baseline 0.004 -20"><span class='ocrx_word' id='word_1_154' title='bbox 235 2639 420 2727; x_wconf 67' lang='lat' dir='ltr'><strong>marginibus</strong></span> <span class='ocrx_word' id='word_1_155' title='bbox 443 2639 591 2708; x_wconf 89' lang='lat' dir='ltr'><strong>violento</strong></span> <span class='ocrx_word' id='word_1_156' title='bbox 618 2640 756 2709; x_wconf 88' lang='lat' dir='ltr'><strong>volnere</strong></span> <span class='ocrx_word' id='word_1_157' title='bbox 777 2636 970 2717; x_wconf 80' lang='lat' dir='ltr'><strong>honorem?</strong></span> <span class='ocrx_word' id='word_1_158' title='bbox 1217 2715 1219 2719; x_wconf 65' lang='grc'>,</span> 
     </span>
     <span class='ocr_line' id='line_1_26' title="bbox 244 2724 1225 2890; baseline 0.005 -92"><span class='ocrx_word' id='word_1_159' title='bbox 244 2752 304 2798; x_wconf 88' lang='lat' dir='ltr'><strong>cur</strong></span> <span class='ocrx_word' id='word_1_160' title='bbox 321 2728 513 2817; x_wconf 89' lang='lat' dir='ltr'><strong>plerumque</strong></span> <span class='ocrx_word' id='word_1_161' title='bbox 539 2727 622 2814; x_wconf 89' lang='lat' dir='ltr'><strong>petit</strong></span> <span class='ocrx_word' id='word_1_162' title='bbox 645 2728 742 2799; x_wconf 82' lang='lat' dir='ltr'><strong>loca?</strong></span> <span class='ocrx_word' id='word_1_163' title='bbox 763 2728 972 2817; x_wconf 80' lang='lat' dir='ltr'><strong>plurimoque</strong></span> <span class='ocrx_word' id='word_1_164' title='bbox 992 2724 1139 2890; x_wconf 84' lang='lat' dir='ltr'><strong>hujusM</strong></span> <span class='ocrx_word' id='word_1_165' title='bbox 1157 2746 1225 2835; x_wconf 70' lang='lat'><strong>429</strong></span> 
     </span>
    </p>

    <p class='ocr_par' dir='ltr' id='par_1_19' title="bbox 1140 2838 1225 2890">
     <span class='ocr_line' id='line_1_27' title="bbox 1140 2838 1225 2890; baseline 0 0"><span class='ocrx_word' id='word_1_166' title='bbox 1140 2838 1225 2890; x_wconf 87' lang='lat' dir='ltr'><strong>ontr-</strong></span> 
     </span>
    </p>
   </div>
   <div class='ocr_carea' id='block_1_3' title="bbox 232 3094 1223 3988">
    <p class='ocr_par' dir='ltr' id='par_1_20' title="bbox 232 3094 1223 3988">
     <span class='ocr_line' id='line_1_28' title="bbox 232 3094 1222 3164; baseline 0.003 -16"><span class='ocrx_word' id='word_1_167' title='bbox 232 3114 246 3148; x_wconf 74' lang='grc' dir='ltr'><em>η</em></span> <span class='ocrx_word' id='word_1_168' title='bbox 269 3114 312 3150; x_wconf 83' lang='lat' dir='ltr'><strong>con</strong></span> <span class='ocrx_word' id='word_1_169' title='bbox 341 3096 438 3149; x_wconf 75' lang='lat' dir='ltr'><strong>bractia</strong></span> <span class='ocrx_word' id='word_1_170' title='bbox 453 3094 628 3162; x_wconf 75' lang='lat' dir='ltr'><strong>firefaciunt.)</strong></span> <span class='ocrx_word' id='word_1_171' title='bbox 665 3110 713 3151; x_wconf 85' lang='lat' dir='ltr'><strong>re:</strong></span> <span class='ocrx_word' id='word_1_172' title='bbox 743 3094 809 3151; x_wconf 84' lang='lat' dir='ltr'><strong>Vult</strong></span> <span class='ocrx_word' id='word_1_173' title='bbox 826 3096 896 3164; x_wconf 85' lang='lat' dir='ltr'><strong>enim</strong></span> <span class='ocrx_word' id='word_1_174' title='bbox 920 3094 969 3149; x_wconf 87' lang='lat' dir='ltr'><strong>ille</strong></span> <span class='ocrx_word' id='word_1_175' title='bbox 989 3096 1097 3163; x_wconf 82' lang='lat' dir='ltr'><strong>Jupiter</strong></span> <span class='ocrx_word' id='word_1_176' title='bbox 1117 3102 1148 3149; x_wconf 92' lang='lat' dir='ltr'><strong>ut</strong></span> <span class='ocrx_word' id='word_1_177' title='bbox 1168 3098 1222 3151; x_wconf 86' lang='lat' dir='ltr'><strong>evi·</strong></span> 
     </span>
     <span class='ocr_line' id='line_1_29' title="bbox 232 3163 1218 3230; baseline 0.004 -13"><span class='ocrx_word' id='word_1_178' title='bbox 232 3175 281 3217; x_wconf 86' lang='lat' dir='ltr'><strong>tum</strong></span> <span class='ocrx_word' id='word_1_179' title='bbox 301 3167 399 3218; x_wconf 79' lang='lat' dir='ltr'><strong>brachia</strong></span> <span class='ocrx_word' id='word_1_180' title='bbox 417 3166 573 3227; x_wconf 80' lang='lat' dir='ltr'><strong>consuescunt.</strong></span> <span class='ocrx_word' id='word_1_181' title='bbox 665 3173 750 3220; x_wconf 86' lang='lat' dir='ltr'><strong>temus</strong></span> <span class='ocrx_word' id='word_1_182' title='bbox 768 3163 898 3225; x_wconf 84' lang='lat' dir='ltr'><strong>Fulmen,</strong></span> <span class='ocrx_word' id='word_1_183' title='bbox 924 3164 1055 3217; x_wconf 83' lang='lat' dir='ltr'><strong>autnon?</strong></span> <span class='ocrx_word' id='word_1_184' title='bbox 1093 3163 1122 3219; x_wconf 83' lang='lat' dir='ltr'><strong>si</strong></span> <span class='ocrx_word' id='word_1_185' title='bbox 1142 3166 1218 3230; x_wconf 84' lang='lat' dir='ltr'><strong>velit,</strong></span> 
     </span>
     <span class='ocr_line' id='line_1_30' title="bbox 232 3230 1223 3353; baseline 0.004 -72"><span class='ocrx_word' id='word_1_186' title='bbox 232 3252 281 3300; x_wconf 70' lang='lat' dir='ltr'><strong>,pue</strong></span> <span class='ocrx_word' id='word_1_187' title='bbox 300 3237 384 3353; x_wconf 49' lang='lat' dir='ltr'><strong>farcit.</strong></span> <span class='ocrx_word' id='word_1_188' title='bbox 396 3237 422 3286; x_wconf 85' lang='lat' dir='ltr'><strong>in</strong></span> <span class='ocrx_word' id='word_1_189' title='bbox 440 3233 549 3299; x_wconf 76' lang='lat' dir='ltr'><strong>Hostes.)</strong></span> <span class='ocrx_word' id='word_1_190' title='bbox 575 3234 628 3287; x_wconf 86' lang='lat' dir='ltr'><strong>Ne·</strong></span> <span class='ocrx_word' id='word_1_191' title='bbox 664 3240 795 3289; x_wconf 75' lang='lat' dir='ltr'><strong>curtante</strong></span> <span class='ocrx_word' id='word_1_192' title='bbox 816 3233 889 3287; x_wconf 88' lang='lat' dir='ltr'><strong>illius</strong></span> <span class='ocrx_word' id='word_1_193' title='bbox 907 3230 1035 3287; x_wconf 80' lang='lat' dir='ltr'><strong>subtilitas</strong></span> <span class='ocrx_word' id='word_1_194' title='bbox 1054 3270 1062 3293; x_wconf 91' lang='lat'>‚</span> <span class='ocrx_word' id='word_1_195' title='bbox 1092 3240 1144 3286; x_wconf 89' lang='lat' dir='ltr'><strong>tam</strong></span> <span class='ocrx_word' id='word_1_196' title='bbox 1163 3249 1223 3300; x_wconf 87' lang='lat' dir='ltr'><strong>per-</strong></span> 
     </span>
     <span class='ocr_line' id='line_1_31' title="bbox 235 3296 1221 3370; baseline 0 -17"><span class='ocrx_word' id='word_1_197' title='bbox 235 3302 282 3355; x_wconf 83' lang='lat' dir='ltr'><strong>nin</strong></span> <span class='ocrx_word' id='word_1_198' title='bbox 315 3310 451 3370; x_wconf 81' lang='lat' dir='ltr'><strong>requenter</strong></span> <span class='ocrx_word' id='word_1_199' title='bbox 466 3304 568 3365; x_wconf 88' lang='lat' dir='ltr'><strong>utitur,</strong></span> <span class='ocrx_word' id='word_1_200' title='bbox 598 3310 628 3355; x_wconf 92' lang='lat' dir='ltr'><strong>ut</strong></span> <span class='ocrx_word' id='word_1_201' title='bbox 665 3304 712 3357; x_wconf 87' lang='lat' dir='ltr'><strong>nix</strong></span> <span class='ocrx_word' id='word_1_202' title='bbox 734 3310 844 3366; x_wconf 84' lang='lat' dir='ltr'><strong>motus,</strong></span> <span class='ocrx_word' id='word_1_203' title='bbox 876 3309 907 3355; x_wconf 91' lang='lat' dir='ltr'><strong>ut</strong></span> <span class='ocrx_word' id='word_1_204' title='bbox 932 3296 1033 3353; x_wconf 78' lang='lat' dir='ltr'><strong>senium</strong></span> <span class='ocrx_word' id='word_1_205' title='bbox 1052 3298 1160 3367; x_wconf 83' lang='lat' dir='ltr'><strong>fugiat?</strong></span> <span class='ocrx_word' id='word_1_206' title='bbox 1192 3300 1221 3353; x_wconf 89' lang='lat' dir='ltr'><strong>Si</strong></span> 
     </span>
     <span class='ocr_line' id='line_1_32' title="bbox 232 3367 1218 3439; baseline -0.002 -16"><span class='ocrx_word' id='word_1_207' title='bbox 232 3369 358 3435; x_wconf 80' lang='lat' dir='ltr'><strong>›inerit‚</strong></span> <span class='ocrx_word' id='word_1_208' title='bbox 384 3370 467 3425; x_wconf 83' lang='lat' dir='ltr'><strong>hostes</strong></span> <span class='ocrx_word' id='word_1_209' title='bbox 486 3370 544 3425; x_wconf 88' lang='lat' dir='ltr'><strong>suos</strong></span> <span class='ocrx_word' id='word_1_210' title='bbox 561 3368 626 3426; x_wconf 72' lang='lat' dir='ltr'><strong>maie</strong></span> <span class='ocrx_word' id='word_1_211' title='bbox 666 3390 737 3435; x_wconf 87' lang='lat' dir='ltr'><strong>non,</strong></span> <span class='ocrx_word' id='word_1_212' title='bbox 761 3388 808 3425; x_wconf 90' lang='lat' dir='ltr'><strong>cur</strong></span> <span class='ocrx_word' id='word_1_213' title='bbox 826 3370 981 3432; x_wconf 82' lang='lat' dir='ltr'><strong>Murmure,</strong></span> <span class='ocrx_word' id='word_1_214' title='bbox 1001 3367 1146 3439; x_wconf 65' lang='lat' dir='ltr'><strong>Tenebris,</strong></span> <span class='ocrx_word' id='word_1_215' title='bbox 1167 3370 1218 3423; x_wconf 72' lang='lat' dir='ltr'><strong>dcc.</strong></span> 
     </span>
     <span class='ocr_line' id='line_1_33' title="bbox 666 3436 1219 3508; baseline 0.004 -17"><span class='ocrx_word' id='word_1_216' title='bbox 666 3438 780 3494; x_wconf 75' lang='lat' dir='ltr'><strong>rnonetd</strong></span> <span class='ocrx_word' id='word_1_217' title='bbox 799 3457 848 3508; x_wconf 81' lang='lat' dir='ltr'><strong>qun</strong></span> <span class='ocrx_word' id='word_1_218' title='bbox 859 3447 933 3506; x_wconf 83' lang='lat' dir='ltr'><strong>porte</strong></span> <span class='ocrx_word' id='word_1_219' title='bbox 947 3437 1059 3490; x_wconf 84' lang='lat' dir='ltr'><strong>Fulmen</strong></span> <span class='ocrx_word' id='word_1_220' title='bbox 1078 3436 1219 3493; x_wconf 79' lang='lat' dir='ltr'><strong>mittetur?</strong></span> 
     </span>
     <span class='ocr_line' id='line_1_34' title="bbox 232 3506 1221 3576; baseline -0.002 -15"><span class='ocrx_word' id='word_1_221' title='bbox 232 3509 294 3574; x_wconf 78' lang='lat' dir='ltr'><strong>rguit</strong></span> <span class='ocrx_word' id='word_1_222' title='bbox 313 3506 412 3576; x_wconf 79' lang='lat' dir='ltr'><strong>mere.)</strong></span> <span class='ocrx_word' id='word_1_223' title='bbox 447 3510 514 3563; x_wconf 82' lang='lat' dir='ltr'><strong>Nam</strong></span> <span class='ocrx_word' id='word_1_224' title='bbox 538 3522 584 3559; x_wconf 88' lang='lat' dir='ltr'><strong>cur</strong></span> <span class='ocrx_word' id='word_1_225' title='bbox 600 3507 627 3560; x_wconf 90' lang='lat' dir='ltr'><strong>in</strong></span> <span class='ocrx_word' id='word_1_226' title='bbox 666 3509 765 3563; x_wconf 87' lang='lat' dir='ltr'><strong>Deinde</strong></span> <span class='ocrx_word' id='word_1_227' title='bbox 790 3510 817 3562; x_wconf 91' lang='lat' dir='ltr'><strong>in</strong></span> <span class='ocrx_word' id='word_1_228' title='bbox 837 3508 962 3575; x_wconf 79' lang='lat' dir='ltr'><strong>plurimrs</strong></span> <span class='ocrx_word' id='word_1_229' title='bbox 980 3515 1064 3571; x_wconf 86' lang='lat' dir='ltr'><strong>partes</strong></span> <span class='ocrx_word' id='word_1_230' title='bbox 1086 3521 1138 3557; x_wconf 88' lang='lat' dir='ltr'><strong>uno</strong></span> <span class='ocrx_word' id='word_1_231' title='bbox 1155 3513 1221 3559; x_wconf 88' lang='lat' dir='ltr'><strong>tem·</strong></span> 
     </span>
     <span class='ocr_line' id='line_1_35' title="bbox 232 3573 1216 3644; baseline -0.002 -14"><span class='ocrx_word' id='word_1_232' title='bbox 232 3578 263 3630; x_wconf 82' lang='lat' dir='ltr'><strong>iat</strong></span> <span class='ocrx_word' id='word_1_233' title='bbox 281 3576 381 3630; x_wconf 80' lang='lat' dir='ltr'><strong>fulmen</strong></span> <span class='ocrx_word' id='word_1_234' title='bbox 395 3577 518 3644; x_wconf 85' lang='lat' dir='ltr'><strong>Jupiter,</strong></span> <span class='ocrx_word' id='word_1_235' title='bbox 537 3573 586 3628; x_wconf 85' lang='lat' dir='ltr'><strong>nifi</strong></span> <span class='ocrx_word' id='word_1_236' title='bbox 597 3575 628 3626; x_wconf 86' lang='lat' dir='ltr'><strong>il·</strong></span> <span class='ocrx_word' id='word_1_237' title='bbox 665 3595 726 3644; x_wconf 86' lang='lat' dir='ltr'><strong>pore</strong></span> <span class='ocrx_word' id='word_1_238' title='bbox 745 3577 856 3632; x_wconf 87' lang='lat' dir='ltr'><strong>Fulmen</strong></span> <span class='ocrx_word' id='word_1_239' title='bbox 867 3574 1012 3643; x_wconf 76' lang='lat' dir='ltr'><strong>spargitur3</strong></span> <span class='ocrx_word' id='word_1_240' title='bbox 1035 3574 1068 3627; x_wconf 81' lang='lat' dir='ltr'><strong>At</strong></span> <span class='ocrx_word' id='word_1_241' title='bbox 1086 3573 1152 3627; x_wconf 91' lang='lat' dir='ltr'><strong>illud</strong></span> <span class='ocrx_word' id='word_1_242' title='bbox 1169 3575 1216 3629; x_wconf 88' lang='lat' dir='ltr'><strong>uni</strong></span> 
     </span>
     <span class='ocr_line' id='line_1_36' title="bbox 232 3641 1072 3713; baseline -0.005 -14"><span class='ocrx_word' id='word_1_243' title='bbox 232 3646 334 3699; x_wconf 76' lang='lat' dir='ltr'><strong>erimine</strong></span> <span class='ocrx_word' id='word_1_244' title='bbox 344 3647 459 3713; x_wconf 82' lang='lat' dir='ltr'><strong>arguet?</strong></span> <span class='ocrx_word' id='word_1_245' title='bbox 486 3645 556 3698; x_wconf 85' lang='lat' dir='ltr'><strong>Huic</strong></span> <span class='ocrx_word' id='word_1_246' title='bbox 570 3659 629 3697; x_wconf 93' lang='lat' dir='ltr'><strong>ver·</strong></span> <span class='ocrx_word' id='word_1_247' title='bbox 663 3647 728 3712; x_wconf 86' lang='lat' dir='ltr'><strong>Jovi</strong></span> <span class='ocrx_word' id='word_1_248' title='bbox 738 3646 806 3701; x_wconf 77' lang='lat' dir='ltr'><strong>foret</strong></span> <span class='ocrx_word' id='word_1_249' title='bbox 817 3647 894 3698; x_wconf 86' lang='lat' dir='ltr'><strong>nimis</strong></span> <span class='ocrx_word' id='word_1_250' title='bbox 906 3641 1072 3708; x_wconf 73' lang='lat' dir='ltr'><strong>laboriosum.¹</strong></span> 
     </span>
     <span class='ocr_line' id='line_1_37' title="bbox 232 3712 626 3782; baseline -0.005 -15"><span class='ocrx_word' id='word_1_251' title='bbox 232 3730 272 3767; x_wconf 81' lang='lat' dir='ltr'><strong>rus</strong></span> <span class='ocrx_word' id='word_1_252' title='bbox 292 3714 420 3767; x_wconf 85' lang='lat' dir='ltr'><strong>existimat</strong></span> <span class='ocrx_word' id='word_1_253' title='bbox 436 3712 555 3773; x_wconf 81' lang='lat' dir='ltr'><strong>verium,</strong></span> <span class='ocrx_word' id='word_1_254' title='bbox 581 3713 626 3782; x_wconf 93' lang='lat' dir='ltr'><strong>qui</strong></span> 
     </span>
     <span class='ocr_line' id='line_1_38' title="bbox 232 3781 624 3904; baseline 0 -69"><span class='ocrx_word' id='word_1_255' title='bbox 232 3782 372 3904; x_wconf 58' lang='lat' dir='ltr'><strong>itagefimus</strong></span> <span class='ocrx_word' id='word_1_256' title='bbox 383 3782 437 3848; x_wconf 83' lang='lat' dir='ltr'><strong>est,</strong></span> <span class='ocrx_word' id='word_1_257' title='bbox 456 3781 560 3836; x_wconf 74' lang='lat' dir='ltr'><strong>fimodo</strong></span> <span class='ocrx_word' id='word_1_258' title='bbox 572 3782 624 3835; x_wconf 91' lang='lat' dir='ltr'><strong>Lu-</strong></span> 
     </span>
     <span class='ocr_line' id='line_1_39' title="bbox 232 3889 267 3914; baseline 0 0"><span class='ocrx_word' id='word_1_259' title='bbox 232 3892 235 3903; x_wconf 89' lang='lat'>·</span> <span class='ocrx_word' id='word_1_260' title='bbox 259 3889 267 3914; x_wconf 76' lang='lat' dir='ltr'><strong>r</strong></span> 
     </span>
     <span class='ocr_line' id='line_1_40' title="bbox 232 3915 629 3988; baseline 0.008 -20"><span class='ocrx_word' id='word_1_261' title='bbox 232 3923 261 3971; x_wconf 76' lang='lat' dir='ltr'><strong>rio</strong></span> <span class='ocrx_word' id='word_1_262' title='bbox 271 3920 327 3973; x_wconf 74' lang='lat' dir='ltr'><strong>ciem</strong></span> <span class='ocrx_word' id='word_1_263' title='bbox 335 3919 454 3988; x_wconf 68' lang='lat' dir='ltr'><strong>sangiune</strong></span> <span class='ocrx_word' id='word_1_264' title='bbox 465 3915 528 3985; x_wconf 71' lang='lat' dir='ltr'><strong>obesi</strong></span> <span class='ocrx_word' id='word_1_265' title='bbox 544 3920 629 3973; x_wconf 86' lang='lat' dir='ltr'><strong>bumo-</strong></span> 
     </span>
    </p>
   </div>
   <div class='ocr_carea' id='block_1_4' title="bbox 232 3750 1220 4110">
    <p class='ocr_par' dir='ltr' id='par_1_21' title="bbox 232 3750 1220 4110">
     <span class='ocr_line' id='line_1_41' title="bbox 698 3750 1217 3820; baseline -0.012 -15"><span class='ocrx_word' id='word_1_266' title='bbox 698 3762 757 3818; x_wconf 81' lang='lat'>418.</span> <span class='ocrx_word' id='word_1_267' title='bbox 792 3753 854 3805; x_wconf 82' lang='lat' dir='ltr'><strong>Beue</strong></span> <span class='ocrx_word' id='word_1_268' title='bbox 871 3750 945 3817; x_wconf 68' lang='lat' dir='ltr'><strong>fodio</strong></span> <span class='ocrx_word' id='word_1_269' title='bbox 973 3750 1052 3803; x_wconf 77' lang='lat' dir='ltr'><strong>Deum</strong></span> <span class='ocrx_word' id='word_1_270' title='bbox 1072 3750 1217 3820; x_wconf 61' lang='lat' dir='ltr'><strong>Simulante,</strong></span> 
     </span>
     <span class='ocr_line' id='line_1_42' title="bbox 667 3817 1216 3890; baseline -0.013 -13"><span class='ocrx_word' id='word_1_271' title='bbox 667 3821 733 3890; x_wconf 72' lang='lat' dir='ltr'><strong>nc.)</strong></span> <span class='ocrx_word' id='word_1_272' title='bbox 754 3821 788 3876; x_wconf 84' lang='lat' dir='ltr'><strong>At</strong></span> <span class='ocrx_word' id='word_1_273' title='bbox 800 3820 939 3874; x_wconf 86' lang='lat' dir='ltr'><strong>ridiculum</strong></span> <span class='ocrx_word' id='word_1_274' title='bbox 957 3818 1041 3881; x_wconf 88' lang='lat' dir='ltr'><strong>istud,</strong></span> <span class='ocrx_word' id='word_1_275' title='bbox 1067 3818 1128 3871; x_wconf 83' lang='lat' dir='ltr'><strong>Bene</strong></span> <span class='ocrx_word' id='word_1_276' title='bbox 1136 3817 1216 3880; x_wconf 72' lang='lat' dir='ltr'><strong>futla.</strong></span> 
     </span>
     <span class='ocr_line' id='line_1_43' title="bbox 665 3885 1220 3967; baseline -0.014 -23"><span class='ocrx_word' id='word_1_277' title='bbox 665 3891 761 3956; x_wconf 83' lang='lat' dir='ltr'><strong>Quanti</strong></span> <span class='ocrx_word' id='word_1_278' title='bbox 783 3891 853 3943; x_wconf 87' lang='lat' dir='ltr'><strong>enim</strong></span> <span class='ocrx_word' id='word_1_279' title='bbox 873 3890 968 3943; x_wconf 84' lang='lat' dir='ltr'><strong>vaenire</strong></span> <span class='ocrx_word' id='word_1_280' title='bbox 989 3894 1108 3955; x_wconf 79' lang='lat' dir='ltr'><strong>poterant</strong></span> <span class='ocrx_word' id='word_1_281' title='bbox 1120 3888 1134 3967; x_wconf 66' lang='grc' dir='ltr'><strong>ἔο</strong></span> <span class='ocrx_word' id='word_1_282' title='bbox 1148 3885 1220 3937; x_wconf 87' lang='lat' dir='ltr'><strong>indi-</strong></span> 
     </span>
     <span class='ocr_line' id='line_1_44' title="bbox 232 3952 1219 4108; baseline -0.012 -21"><span class='ocrx_word' id='word_1_283' title='bbox 232 3994 334 4108; x_wconf 65' lang='lat' dir='ltr'><strong>s⁰²²¹²1¹³2</strong></span> <span class='ocrx_word' id='word_1_284' title='bbox 664 3977 699 4081; x_wconf 68' lang='lat' dir='ltr'><strong>t?</strong></span> <span class='ocrx_word' id='word_1_285' title='bbox 701 3952 1219 4091; x_wconf 63' lang='lat' dir='ltr'><strong>1¹tltllt‘tlttttlit“titt</strong></span> 
     </span>
     <span class='ocr_line' id='line_1_45' title="bbox 239 4074 291 4110; baseline -0.019 0"><span class='ocrx_word' id='word_1_286' title='bbox 239 4074 291 4110; x_wconf 87' lang='lat' dir='ltr'><strong>um.</strong></span> 
     </span>
    </p>
   </div>
   <div class='ocr_carea' id='block_1_5' title="bbox 232 4082 1216 4192">
    <p class='ocr_par' dir='ltr' id='par_1_22' title="bbox 232 4082 1216 4192">
     <span class='ocr_line' id='line_1_46' title="bbox 232 4082 1216 4192; baseline -0.023 -29"><span class='ocrx_word' id='word_1_287' title='bbox 232 4135 328 4188; x_wconf 56' lang='lat' dir='ltr'><strong>mm,</strong></span> <span class='ocrx_word' id='word_1_288' title='bbox 343 4124 450 4192; x_wconf 56' lang='lat' dir='ltr'><strong>mu,</strong></span> <span class='ocrx_word' id='word_1_289' title='bbox 474 4121 541 4192; x_wconf 42' lang='grc' dir='ltr'><strong>ἃς.)</strong></span> <span class='ocrx_word' id='word_1_290' title='bbox 577 4123 626 4177; x_wconf 61' lang='lat' dir='ltr'><strong>ffis</strong></span> <span class='ocrx_word' id='word_1_291' title='bbox 663 4113 757 4151; x_wconf 89' lang='lat' dir='ltr'><strong>nonem</strong></span> <span class='ocrx_word' id='word_1_292' title='bbox 776 4093 1075 4165; x_wconf 76' lang='lat' dir='ltr'><strong>Polycleteumexadta,</strong></span> <span class='ocrx_word' id='word_1_293' title='bbox 1096 4082 1216 4157; x_wconf 49' lang='lat'><strong>32:50„</strong></span> 
     </span>
    </p>
   </div>
   <div class='ocr_carea' id='block_1_6' title="bbox 232 4164 1264 4393">
    <p class='ocr_par' dir='ltr' id='par_1_23' title="bbox 232 4164 1264 4393">
     <span class='ocr_line' id='line_1_47' title="bbox 232 4164 1264 4269; baseline -0.018 -23"><span class='ocrx_word' id='word_1_294' title='bbox 232 4196 293 4249; x_wconf 83' lang='lat' dir='ltr'><strong>unit</strong></span> <span class='ocrx_word' id='word_1_295' title='bbox 311 4197 361 4248; x_wconf 88' lang='lat' dir='ltr'><strong>duo</strong></span> <span class='ocrx_word' id='word_1_296' title='bbox 380 4196 445 4247; x_wconf 83' lang='lat' dir='ltr'><strong>mira</strong></span> <span class='ocrx_word' id='word_1_297' title='bbox 463 4202 624 4260; x_wconf 79' lang='lat' dir='ltr'><strong>argumenta,</strong></span> <span class='ocrx_word' id='word_1_298' title='bbox 663 4164 781 4228; x_wconf 68' lang='lat' dir='ltr'><strong>h⁰ih⁰li</strong></span> <span class='ocrx_word' id='word_1_299' title='bbox 819 4164 906 4269; x_wconf 47' lang='grc' dir='ltr'><strong>ΨΥ·</strong></span> <span class='ocrx_word' id='word_1_300' title='bbox 996 4251 1002 4264; x_wconf 38' lang='lat'><strong>·</strong></span> <span class='ocrx_word' id='word_1_301' title='bbox 1162 4251 1169 4262; x_wconf 91' lang='lat'><strong>.</strong></span> <span class='ocrx_word' id='word_1_302' title='bbox 1260 4227 1264 4252; x_wconf 46' lang='grc' dir='ltr'>Ι</span> 
     </span>
     <span class='ocr_line' id='line_1_48' title="bbox 232 4248 1225 4393; baseline -0.019 -72"><span class='ocrx_word' id='word_1_303' title='bbox 232 4263 300 4320; x_wconf 79' lang='lat' dir='ltr'><strong>lmen</strong></span> <span class='ocrx_word' id='word_1_304' title='bbox 324 4264 389 4333; x_wconf 86' lang='lat' dir='ltr'><strong>Jovi</strong></span> <span class='ocrx_word' id='word_1_305' title='bbox 413 4271 521 4319; x_wconf 80' lang='lat' dir='ltr'><strong>conatur</strong></span> <span class='ocrx_word' id='word_1_306' title='bbox 545 4263 627 4329; x_wconf 82' lang='lat' dir='ltr'><strong>eripe.</strong></span> <span class='ocrx_word' id='word_1_307' title='bbox 695 4270 769 4381; x_wconf 67' lang='lat' dir='ltr'><strong>420.Y</strong></span> <span class='ocrx_word' id='word_1_308' title='bbox 779 4255 937 4393; x_wconf 54' lang='lat' dir='ltr'><strong>{lanmaprae</strong></span> <span class='ocrx_word' id='word_1_309' title='bbox 956 4248 1058 4320; x_wconf 63' lang='lat' dir='ltr'><strong>butus.)</strong></span> <span class='ocrx_word' id='word_1_310' title='bbox 1093 4250 1225 4386; x_wconf 43' lang='lat' dir='ltr'><strong>Plutum-e</strong></span> 
     </span>
    </p>
   </div>
   <div class='ocr_carea' id='block_1_7' title="bbox 0 0 1580 4967">
    <p class='ocr_par' dir='ltr' id='par_1_24' title="bbox 0 0 1580 4967">
     <span class='ocr_line' id='line_1_49' title="bbox 0 0 1580 4967; baseline 0 0"><span class='ocrx_word' id='word_1_311' title='bbox 0 0 1580 4967; x_wconf 95' lang='lat' dir='ltr'><strong> </strong></span> 
     </span>
    </p>
   </div>
  </div>
 </body>
</html>
