3150 4967
552 481 736 565 LIBER
782 481 1106 579 QUARTUS..
1310 503 1382 578 243

242 654 282 727 Et
301 676 376 741 quet
398 665 602 723 res'tautum
622 650 687 722 hoc
707 651 819 723 oneris
838 651 1030 739 protrudere
1055 648 1158 734 nostri

245 743 400 830 Corporis
419 737 575 826 insuerit,
601 742 729 811 dicam:
754 762 791 811 tu
815 742 943 827 percipe
964 741 1059 811 dieta.

287 834 373 903 Dico
396 832 517 901 Animo
539 826 653 902 nostro
668 831 821 916 ,primitm
847 827 1015 899 simulacra
1039 829 1170 900 meandi

252 923 396 995 Accidere
408 971 419 1005 ,
445 939 542 1006 atque
565 922 722 989 Animum
740 917 888 1006 pulsare,
914 941 952 989 ut
971 920 1117 990 diximus
1137 918 1222 991 anti.
1318 934 1385 1005 880

256 1012 328 1083 lude
344 1011 510 1081 Voluntas
530 1007 587 1079 lit:
615 1034 722 1095 neque
741 1010 830 1078 enim
848 1006 952 1078 facere
975 1010 1092 1095 incipit
1111 1011 1214 1082 ullam

254 1097 329 1173 Re'm
355 1096 550 1186 quisquam,
576 1122 676 1185 quam
699 1100 798 1169 Mens
813 1097 959 1185 providit
971 1122 987 1190 ,ζ
1009 1098 1088 1185 quid
1109 1101 1212 1186 velit,
1228 1097 1323 1181 ‚aitte
1373 1156 1376 1161 .

255 1191 309 1274 At,
334 1188 423 1276 quod
440 1187 614 1274 providet,
641 1189 727 1257 illius
750 1188 796 1256 rei
817 1187 943 1257 constat
962 1188 1086 1277 [magu.

254 1278 331 1365 Ergo
353 1279 493 1348 Animus
513 1280 589 1347 cum
611 1274 675 1347 sese
695 1278 741 1349 ita
760 1293 973 1362 commovet,
998 1296 1037 1347 ut
1059 1278 1138 1350 velit
1156 1279 1226 1366 ire,

252 1366 347 1454 Inque
366 1366 475 1454 gredi,
504 1365 578 1436 ferit
599 1367 786 1453 extemplo,
813 1368 941 1452 quaein
963 1368 1109 1454 Corpore
1131 1386 1204 1440 toto
1319 1380 1385 1459 885

250 1456 313 1534 Per.
324 1456 491 1541 membra,
517 1478 615 1542 atque
635 1473 746 1541 artae,
773 1458 907 1526 Animal
927 1454 1033 1527 diffita
1051 1459 1102 1529 vis
1123 1457 1192 1529 est:

249 1548 289 1619 Et
306 1544 435 1616 facile’st
454 1541 561 1625 sudu,
588 1546 742 1631 quoniam
766 1546 941 1634 conjuudla
963 1563 1102 1618 tenetur.
1206 1624 1209 1633 ,

247 1636 327 1708 lude
347 1660 384 1704 ea
406 1658 565 1721 proporro
586 1636 715 1719 Corpus
738 1630 838 1721 serit,
863 1652 960 1722 atque
983 1636 1027 1706 ita
1051 1638 1131 1707 tota

245 1726 419 1799 Paullatim
445 1726 548 1794 moles
570 1723 797 1810 protruditur,
823 1744 921 1811 atque
944 1748 1108 1796 movetur.

289 1816 473 1897 Praeterea,
498 1835 570 1883 tum
596 1810 727 1883 rarescit
747 1838 879 1901 quoque
904 1816 1035 1901 Corpus
1044 1865 1057 1900 ,
1078 1818 1110 1887 dt
1128 1816 1215 1903 Aer,
1316 1828 1386 1903 890

242 1905 376 1979 Scilicet
392 1922 435 1973 ut
454 1902 551 1973 debet
569 1904 625 1989 qui
645 1899 770 1989 semper
789 1903 919 1986 mobilis
941 1902 1064 1990 exstat,
1406 1929 1408 1936 ⁴

242 1998 307 2068 Per
327 1990 485 2081 patesadla
504 1994 615 2077 venit,
640 2011 853 2078 penetratque
872 1990 1033 2063 foramina
1053 1996 1184 2082 largust

242 2086 286 2158 Et
310 2078 504 2169 dispergitur
524 2083 565 2150 ad
586 2084 703 2168 parteis
731 2083 777 2151 ita
803 2080 944 2169 quasque
962 2084 1106 2155 minutas

242 2171 428 2259 Corporis:
454 2169 532 2240 hinc
546 2173 652 2258 igitur
673 2170 771 2241 rebus
791 2169 830 2242 fit
849 2174 1004 2263 utrinque
1026 2173 1176 2260 duchac,

242 2265 380 2349 Corpus
402 2262 537 2350 uti,‚ut
558 2262 664 2332 Navis
689 2262 798 2345 velis,
820 2279 1007 2347 ventoque,
1032 2260 1165 2335 seratur.
1319 2278 1386 2353 895

288 2353 367 2424 Nec
384 2368 496 2420 tamen
516 2350 595 2420 illud
618 2349 654 2419 in
679 2348 731 2432 his
751 2350 850 2421 rebus
872 2351 1019 2421 mirabile
1041 2353 1187 2437 constat,

242 2439 391 2517 Tanttrla
410 2438 501 2525 quod
525 2458 664 2510 rantum·
677 2442 806 2526 Corpus
832 2438 1031 2527 Corpuscula
1049 2439 1170 2528 polsmt

245 2534 500 2615 contorquere,
527 2531 794 2613 &onustorum
817 2552 1006 2601 convertere
1031 2530 1191 2602 nostrum.
1225 2597 1226 2600 ,

245 2620 383 2710 ¹Qlippe
406 2620 527 2687 etenim
545 2619 675 2689 Ventus
696 2615 807 2687 subtili
828 2643 963 2705 corpore
981 2622 1091 2690 tenuis

246 2709 373 2786 Trudit
391 2732 489 2793 agens
508 2731 660 2795 magnam
683 2732 803 2795 magno
824 2708 993 2779 molimine
1012 2710 1159 2781 Navim:
1319 2733 1388 2798 900

246 2800 291 2873 Et
310 2821 430 2868 manus
450 2820 516 2865 una
539 2800 622 2884 regit
640 2799 815 2883 quantovis
838 2798 959 2883 impete
979 2797 1133 2875 euntem:
1194 2864 1195 2868 ,

247 2892 358 2975 Atque
383 2886 631 2957 Gubernaclum
652 2905 848 2973 contorquet
868 2888 1016 2973 quolibet
1037 2912 1154 2960 unum.
1261 2971 1263 2976 .

247 2979 426 3062 Multaque
449 2999 507 3061 per
527 2972 706 3056 trochleas,
733 2980 765 3046 de
785 2996 941 3063 tympana
960 2978 1103 3063 pondere
1127 3001 1248 3069 magno

247 3069 477 3149 Commouet,
502 3084 599 3150 atque
617 3067 685 3135 levi
708 3063 847 3136 sustollit
866 3065 1021 3137 Machina
1042 3066 1123 3137 nisu.

293 3157 401 3230 Nunc
415 3153 536 3242 quibus
553 3155 607 3225 ille
627 3155 734 3226 modis
750 3156 893 3228 Somnus
904 3179 962 3243 per
984 3156 1134 3227 membra
1154 3157 1306 3317 quietlem·
1321 3174 1390 3246 905

898 3289 901 3295 -
1130 3287 1132 3292 ·
1225 3271 1228 3277 ·
1256 3264 1389 3335 unget,-

268 3435 350 3501 883.
369 3432 423 3497 Ar,
441 3433 503 3502 quod
516 3433 646 3503 providet,
667 3430 734 3502 dee.)
774 3432 810 3489 m
892 3434 998 3503 corpore
1008 3442 1035 3486 ut
1045 3434 1095 3488 baet
1112 3430 1183 3489 nava
1202 3436 1264 3489 velr't
1275 3443 1392 3505 ventoque

250 3503 280 3558 id
289 3503 359 3572 quod
369 3502 446 3556 Mens
455 3505 586 3570 praevidet,
597 3504 668 3557 illius
677 3506 723 3567 rei,
733 3501 810 3571 quim
931 3504 1050 3568 feratur:

250 3574 314 3643 quis
329 3570 413 3625 lacere
422 3573 552 3635 instituit,
567 3570 601 3626 est
612 3574 715 3641 Imago:
736 3574 811 3625 Lam·
839 3568 933 3639 inepte.
1198 3618 1200 3622 ,

250 3644 336 3695 binus.
372 3639 456 3693 Aliam
480 3640 652 3703 sententiam,
685 3645 710 3695 ἃ
733 3640 810 3709 quim
873 3649 933 3703 902.
954 3636 1070 3707 Quolibet
1081 3638 1195 3706 Unam.)
1213 3637 1320 3695 Reslitls
1338 3638 1393 3696 for-

249 3708 526 3771 verioremexistimo,
547 3708 668 3777 sequutus
680 3708 744 3762 sum.
840 3706 883 3761 san
899 3705 975 3775 quim
991 3706 1063 3774 Uera,
1091 3707 1144 3765 viz.
1160 3708 1275 3775 Marius,
1293 3712 1337 3764 vel
1357 3712 1393 3765 U·

272 3788 350 3841 ·890.
376 3778 439 3831 Tm
458 3776 591 3844 nitescit.)
630 3774 809 3841 Animalium,
839 3775 1087 3830 nusNavisReslor.
1296 3822 1299 3833 ,

251 3843 384 3917 quaesunt
404 3855 476 3900 motu
494 3847 608 3900 exercita
624 3845 728 3901 rarescit
748 3848 811 3899 Cor·
856 3856 935 3911 ‚9o3.
971 3844 1132 3913 Trochleor.)
1169 3843 1254 3913 Vulgd
1290 3848 1393 3901 Poulie:

249 3928 322 3985 pas:
345 3914 400 3968 vid.
412 3926 439 3967 v.
452 3922 510 3973 860.
846 3913 994 3982 Tymponum
1005 3922 1091 3968 autem
1102 3914 1138 3968 est
1155 3922 1212 3968 tota
1225 3914 1238 3968 ὲ
1254 3913 1340 3970 solidis
1356 3925 1394 3971 ta·

289 3994 342 4049 894
371 3983 440 4036 Hinc
455 3983 566 4051 igitur.)
585 3982 634 4036 His
649 3986 742 4051 igitur:
761 3981 811 4036 Fa·
841 3981 910 4037 bulis
922 3981 997 4036 falla.

251 4052 321 4108 ber:
344 4049 380 4106 Et
392 4049 469 4107 versu
484 4050 599 4120 sequenti
608 4066 654 4118 pro
671 4050 735 4106 Vera
749 4052 814 4107 Ven-
876 4064 933 4118 905.
956 4052 1033 4105 Nune
1044 4052 1129 4118 quidus
1145 4047 1191 4104 lae
1207 4051 1299 4115 medei,
1318 4050 1394 4134 dte.)

251 4133 343 4190 toque,
355 4118 453 4187 optime
462 4122 576 4185 conjecit
589 4119 714 4194 Goffiudus
723 4120 814 4189 legen·
844 4119 946 4173 Animal
960 4120 1079 4173 omnibus
1098 4117 1223 4173 Sensuum
1241 4123 1396 4187 operationi-

252 4192 336 4253 dum,
357 4190 440 4243 Remis
464 4189 601 4257 Ventoque,
629 4190 725 4257 alioqui
746 4189 811 4243 Vela
842 4189 891 4243 bus
902 4188 1068 4256 perfunctum
1083 4188 1110 4241 in
1130 4188 1209 4242 cubili
1227 4188 1335 4243 collocat
1346 4190 1396 4243 Lu-

253 4260 378 4315 &Vento
395 4258 595 4327 paneademque
607 4256 813 4328 ressrgnificare-
843 4263 948 4322 cretius,
968 4274 1020 4310 non
1040 4267 1127 4312 tamen
1149 4255 1257 4320 deserit,
1277 4252 1319 4312 sed
1338 4260 1396 4311 dor·

252 4337 308 4386 tur.
349 4326 556 4399 Gifarriurverd,
787 4372 790 4378 ,
845 4327 910 4393 mit,
938 4324 1127 4396 contemplatur
1143 4326 1174 4381 de
1192 4323 1413 4423 romanino).

978 4394 1068 4474 ΨΑ·
