3150 4967
529 415 750 526 ¹ennea
787 413 1124 497 secururs.
1358 419 1403 502 ss

259 582 313 656 Ex
334 580 475 655 infinito
497 606 539 656 ne
557 581 685 655 caulam
704 580 796 656 causa
823 579 997 670 sequatur:
1336 590 1407 662 255

262 672 384 746 lanera
405 697 464 760 per
480 691 580 745 terras
599 674 690 745 unde
707 670 1018 745 haec'animantibus
1045 684 1158 754 extat,

265 759 366 834 Unde
387 760 436 833 est
455 758 526 833 haec
548 762 737 850 (inquam)
760 758 836 832 fatis
858 757 1167 843 avolsaVoluntas,

266 849 326 922 Per
345 873 450 937 quam
468 851 718 939 progredimur,
743 873 810 937 quo
829 848 921 921 ducit
940 872 1105 937 quemque
1117 841 1297 934 voluptas?

267 939 483 1012 Declinamus
495 940 577 1011 item
596 958 728 1021 motus,
753 962 816 1010 nee
833 955 983 1025 tempore
1003 955 1118 1029 certa,

266 1028 339 1102 Nec
356 1030 493 1117 regione
515 1031 578 1100 loci
605 1046 711 1114 certa,
735 1026 791 1100 sed
808 1028 868 1099 ubi
886 1024 953 1113 ipsa
972 1027 1049 1099 tulit
1068 1027 1180 1098 Mens.
1336 1029 1405 1098 260

265 1117 356 1191 Nam
377 1118 484 1189 dubio
508 1118 622 1205 procul
639 1116 691 1188 his
711 1118 812 1189 rebus
825 1112 888 1187 ⁴sua
909 1116 1027 1203 cuique
1043 1114 1212 1186 Voluntas
1292 1153 1311 1206 ·.

265 1207 472 1295 Principium
489 1208 564 1279 dat:
589 1214 621 1279 ἃ
641 1206 722 1277 hinc
741 1223 854 1277 motus
874 1229 931 1292 per
951 1203 1101 1276 membra
1122 1206 1282 1294 rigantur.

268 1296 392 1370 Nonne
414 1296 508 1369 vides
527 1296 626 1367 etiam
643 1292 808 1383 patefactis
826 1314 974 1381 tempore
992 1298 1116 1382 pundo

267 1385 462 1457 Ceroeribus
473 1437 485 1472 ,
509 1410 580 1457 non
594 1382 678 1473 polle
698 1407 812 1456 tamen
828 1407 1042 1471 prorumpere
1062 1385 1236 1470 Equorum

266 1474 345 1547 Vim
361 1475 516 1562 cupidam
534 1493 603 1547 tam
621 1470 795 1561 desubito,
820 1472 921 1560 quim
938 1475 1037 1545 Mens
1051 1491 1126 1545 avet
1140 1468 1232 1561 ipsa?
1332 1474 1408 1562 265'

267 1563 391 1636 Omnis
414 1566 505 1634 enim
522 1581 635 1636 totum
652 1588 710 1651 per
728 1564 859 1649 Corpus
879 1563 1029 1634 materiai

267 1651 368 1740 Copia
393 1654 544 1740 conquiri
565 1652 683 1738 debet,
708 1654 835 1723 concita
858 1675 915 1738 per
938 1670 1028 1724 artus

265 1741 408 1814 Omneis
417 1793 431 1827 ,
457 1763 497 1814 ur
514 1741 659 1813 studium
676 1743 803 1814 Mentis
824 1764 973 1812 connexa
987 1738 1160 1829 sequatur:

262 1831 312 1906 Ut
333 1831 450 1902 videas
471 1832 594 1904 initum
614 1848 727 1902 motus
748 1832 767 1900 a
787 1829 896 1902 Corde
916 1831 1036 1910 creari,
1376 1907 1381 1922 Ι
1416 1871 1418 1876 .

262 1919 314 1996 Ex
332 1921 513 2007 Animique
533 1920 704 1991 voluntate
728 1920 762 1990 id
783 1919 959 2006 procedere
981 1920 1149 2007 primum:
1330 1938 1401 2011 270

262 2007 343 2082 Inde
363 2010 437 2080 dori
456 2033 555 2096 porro
574 2034 632 2098 per
651 2026 760 2080 totum
779 2011 930 2095 Corpus,
958 2012 990 2080 &
1010 2029 1120 2080 artus:
1375 2023 1381 2034 ·

304 2099 384 2172 Nec
401 2094 565 2184 fimilc'st,
588 2114 629 2169 ut
645 2099 722 2169 cunr
739 2096 868 2186 impulli
889 2099 1097 2185 procedimus
1116 2099 1184 2171 ictu
1194 2147 1209 2186 ,

261 2185 403 2260 Vinlaus
423 2188 556 2259 alterius
577 2188 728 2275 magnis,
752 2211 938 2277 magnoque
958 2193 1092 2276 coactu,

259 2277 354 2352 Nam
374 2295 451 2356 tum
468 2277 640 2350 materiam
656 2278 759 2350 totius
779 2279 937 2366 Corporis
958 2279 1094 2350 omnem
1322 2370 1347 2442 P

1349 2394 1397 2442 er-

258 2554 442 2624 neemiqnam
450 2553 557 2626 Physica
565 2555 665 2624 placet:
686 2553 812 2618 Alteram,
848 2554 984 2621 Caecilius,
1014 2557 1111 2611 Omnes
1139 2564 1241 2612 veteres
1262 2564 1392 2612 utuntur:

257 2631 290 2680 nt
308 2623 373 2678 edm
390 2625 442 2677 duo
453 2624 590 2678 Indiuidua
607 2641 653 2693 per
662 2625 814 2678 inanitatem
847 2624 964 2687 Ennius,

258 2691 390 2757 ferantur,
411 2692 658 2762 alterumdregione
668 2700 811 2757 moveatur,
883 2696 940 2747 Cum
949 2690 1063 2748 desubito
1082 2710 1119 2745 me
1135 2703 1187 2746 orat
1197 2694 1295 2747 Mulier
1305 2695 1397 2764 lachm-

259 2760 374 2816 unium
383 2760 514 2816 declinet:
536 2763 615 2815 Cicero
623 2764 650 2813 de
661 2762 729 2814 Fato.
944 2764 1055 2830 mensque
1063 2762 1094 2812 ar
1103 2781 1180 2829 genua
1190 2764 1285 2816 accidit.

294 2843 356 2896 255.
377 2827 423 2882 Ex
435 2829 535 2898 Infinita
547 2850 576 2883 ne
595 2831 711 2893 Causam,
737 2827 812 2897 dec.)
880 2836 940 2884 266.
962 2832 1044 2886 Omnis
1053 2833 1115 2882 euim
1124 2841 1210 2893 tetum,
1231 2830 1307 2897 nc.)
1328 2848 1355 2886 v.
1366 2838 1392 2887 6.

258 2897 356 2953 Fatum
372 2898 443 2951 enim
461 2898 528 2951 nihil
540 2899 610 2953 aliud
624 2898 660 2952 est
678 2897 754 2965 quim
765 2900 812 2976 rip·
846 2898 937 2953 Motus
948 2898 1109 2953 voluntarios
1122 2899 1281 2953 Animaliunr
1290 2900 1394 2966 obiter,

283 2963 372 3030 'splen
393 2969 530 3032 navarra}
553 2972 636 3027 niardi
655 2969 810 3037 τεἹιγμέιητ
845 2984 892 3021 nec
901 2969 987 3034 inepte
996 2967 1206 3035 explicam-Vult
1214 2967 1393 3036 ipleAnimus,

282 3043 294 3090 t
314 3035 362 3105 qui
377 3035 547 3090 introducant
566 3034 704 3090 Causarum
721 3033 811 3089 seriem
845 3037 936 3092 deinde
947 3036 1192 3105 colligitrSpiritus,
1213 3039 1257 3104 qni
1268 3037 1395 3095 sibiobse·

259 3105 404 3158 ordinatam
414 3102 648 3172 aclenrpiternam,
668 3105 688 3156 ii
698 3112 810 3159 mentem
844 3113 978 3172 quantur,
997 3122 1044 3172 per
1062 3121 1155 3158 nervos
1172 3106 1200 3158 in
1211 3107 1324 3160 membra
1333 3108 1394 3160 diri·

257 3171 381 3226 Hominis
404 3172 524 3225 dilatare
544 3172 676 3242 spoliatam
695 3173 754 3228 Fati
766 3190 810 3227 ne·
845 3174 900 3240 git,
920 3173 1156 3243 languidosforet,
1177 3191 1258 3227 novos
1271 3175 1396 3242 &vigen-

255 3239 371 3297 ceffitate
392 3241 553 3297 devinciunt.
592 3244 671 3295 Cicero
679 3244 709 3295 de
718 3242 792 3295 Fato.
844 3251 883 3295 tes
893 3239 1082 3305 subministrat,
1103 3243 1139 3296 ita
1149 3255 1268 3297 movetur
1279 3242 1393 3310 Ardmd,

290 3323 353 3376 259.
373 3309 565 3379 Declinumur.)
584 3311 752 3373 Inclinamus,
767 3328 812 3363 va·
845 3312 1047 3365 &continuatur
1057 3309 1233 3364 illiusmotus.

256 3378 373 3440 mus,
393 3379 551 3447 dirigimus,
573 3382 598 3434 ἃ
610 3377 715 3433 absurdd
734 3379 811 3447 Fayus
878 3387 936 3437 268.
959 3382 1100 3445 coninua.)
1119 3379 1185 3433 Cum
1201 3378 1266 3433 Aliis
1289 3381 1394 3435 Conrrixa

256 3445 386 3502 vitamus.
841 3446 1096 3516 libentilnlegerem.
1175 3457 1177 3461 '

289 3522 351 3569 262.
372 3513 521 3580 rigantur.)
554 3513 693 3570 Gaffenaus
710 3514 809 3581 {sagan-
878 3532 936 3581 272.
960 3514 1156 3582 Necfimileest,
1176 3516 1253 3584 dccx)
1272 3516 1396 3587 Explica.

256 3593 315 3637 tar:
334 3582 552 3653 AliiReguntur:
572 3585 611 3638 De
625 3586 809 3639 AnimaMun-
841 3593 897 3639 turn
908 3584 983 3638 modd
1005 3585 1183 3640 voluntarium
1193 3594 1291 3641 motum
1309 3605 1335 3642 v.
1351 3605 1394 3645 12.

255 3652 432 3717 diManilinr,
841 3653 963 3716 illustrat,
978 3655 1167 3721 comparatione
1180 3652 1246 3709 faita
1256 3658 1395 3712 inteream

286 3722 441 3774 -cum
451 3722 622 3789 Spiritusmu
841 3722 1152 3783 &motumviolenturm
1178 3740 1238 3776 nam
1252 3734 1323 3780 motu
1338 3728 1395 3780 vio·

286 3789 340 3846 Per
348 3790 444 3843 marias
452 3792 541 3845 habitet
547 3801 626 3861 partes
638 3830 647 3856 ,
667 3800 737 3860 atque
747 3791 807 3845 irri-
840 3791 912 3846 lento
922 3792 1034 3845 adivim
1043 3801 1177 3847 externam
1187 3790 1320 3858 sentimus,
1333 3794 1394 3847 crlrn

355 3865 400 3926 get
415 3860 501 3912 Orbem
841 3870 907 3915 antu
928 3861 1012 3915 nostro
1031 3862 1216 3928 procedamus,
1238 3863 1303 3915 nihil
1323 3862 1392 3917 tale:

287 3927 378 3980 Omnia
387 3930 548 3995 pervolitans,
563 3930 693 3999 Corprrsque
706 3928 808 3981 Anima·
841 3930 939 3985 Deinde
955 3931 982 3984 vi
995 3939 1107 3990 externae
1124 3939 1250 3998 repugnat
1266 3930 1394 3987 Voluntas

352 3998 480 4061 Iefiguret.
839 3997 942 4063 nostra,
963 3999 1100 4067 aliquando
1109 4001 1185 4054 etiam
1196 4001 1296 4054 vincit:
1316 3999 1393 4057 Unde

284 4069 346 4129 265.
371 4062 508 4134 Vrsmpida
517 4064 674 4133 Equorusn.)
693 4064 730 4121 Ut
738 4068 806 4134 apud
839 4075 910 4135 patet
932 4065 982 4122 effe
1003 4068 1108 4137 aliquod
1130 4069 1290 4138 Principium
1311 4070 1394 4123 inter·

248 4130 394 4202 Virgilium
827 4154 902 4203 ‚num
915 4146 1020 4201 motus,
1040 4136 1152 4191 liberum
1162 4139 1260 4207 plane,
1275 4155 1323 4194 nec
1337 4138 1392 4192 ulls

282 4228 368 4242 -
383 4201 460 4254 Odore
473 4203 562 4255 Canum
571 4206 620 4256 vis.
837 4203 983 4261 neecffitate
995 4205 1121 4260 vlnttnrn.

279 4276 343 4335 265.
369 4271 518 4340 Desubitd.)
535 4271 656 4337 Ennius,
674 4270 800 4340 Navius,
1017 4273 1038 4330 F
1059 4288 1075 4345 3
