<?xml version="1.0" encoding="UTF-8"?>
<!DOCTYPE html PUBLIC "-//W3C//DTD XHTML 1.0 Transitional//EN"
    "http://www.w3.org/TR/xhtml1/DTD/xhtml1-transitional.dtd">
<html xmlns="http://www.w3.org/1999/xhtml" xml:lang="en" lang="en">
 <head>
  <title>
</title>
<meta http-equiv="Content-Type" content="text/html;charset=utf-8" />
  <meta name='ocr-system' content='tesseract 3.04.00' />
  <meta name='ocr-capabilities' content='ocr_page ocr_carea ocr_par ocr_line ocrx_word'/>
</head>
<body>
  <div class='ocr_page' id='page_1' title='image "./tlucretiicaride02carugoog_0015.png"; bbox 0 0 3150 4967; ppageno 0'>
   <div class='ocr_carea' id='block_1_1' title="bbox 680 405 965 506">
    <p class='ocr_par' dir='ltr' id='par_1_1' title="bbox 680 405 965 506">
     <span class='ocr_line' id='line_1_1' title="bbox 680 405 965 506; baseline 0.007 -2"><span class='ocrx_word' id='word_1_1' title='bbox 680 405 965 506; x_wconf 58' lang='lat' dir='ltr'>malama</span> 
     </span>
    </p>
   </div>
   <div class='ocr_carea' id='block_1_2' title="bbox 202 585 1343 696">
    <p class='ocr_par' dir='ltr' id='par_1_2' title="bbox 202 585 1343 696">
     <span class='ocr_line' id='line_1_2' title="bbox 202 585 1343 696; baseline -0.003 -26"><span class='ocrx_word' id='word_1_2' title='bbox 202 593 419 696; x_wconf 77' lang='lat' dir='ltr'>piturrrIiber</span> <span class='ocrx_word' id='word_1_3' title='bbox 431 590 578 688; x_wconf 77' lang='lat' dir='ltr'>spiritus:</span> <span class='ocrx_word' id='word_1_4' title='bbox 604 588 935 684; x_wconf 85' lang='lat' dir='ltr'>Necfuitneceiie3</span> <span class='ocrx_word' id='word_1_5' title='bbox 955 585 1146 689; x_wconf 87' lang='lat' dir='ltr'>Physreum</span> <span class='ocrx_word' id='word_1_6' title='bbox 1159 594 1343 668; x_wconf 88' lang='lat' dir='ltr'>enimnon</span> 
     </span>
    </p>
   </div>
   <div class='ocr_carea' id='block_1_3' title="bbox 208 690 1396 3177">
    <p class='ocr_par' dir='ltr' id='par_1_3' title="bbox 208 690 1396 1789">
     <span class='ocr_line' id='line_1_3' title="bbox 210 690 1394 788; baseline -0.01 -13"><span class='ocrx_word' id='word_1_7' title='bbox 210 695 416 776; x_wconf 81' lang='lat' dir='ltr'>Hernicum</span> <span class='ocrx_word' id='word_1_8' title='bbox 430 692 642 769; x_wconf 88' lang='lat' dir='ltr'>contendo:</span> <span class='ocrx_word' id='word_1_9' title='bbox 681 690 733 767; x_wconf 86' lang='lat' dir='ltr'>Sit</span> <span class='ocrx_word' id='word_1_10' title='bbox 743 693 934 787; x_wconf 82' lang='lat' dir='ltr'>Empedocli,</span> <span class='ocrx_word' id='word_1_11' title='bbox 954 698 1081 776; x_wconf 78' lang='lat' dir='ltr'>Arato,</span> <span class='ocrx_word' id='word_1_12' title='bbox 1106 694 1245 780; x_wconf 68' lang='lat' dir='ltr'>Heluio,</span> <span class='ocrx_word' id='word_1_13' title='bbox 1277 701 1347 768; x_wconf 84' lang='lat' dir='ltr'>Vir·</span> <span class='ocrx_word' id='word_1_14' title='bbox 1374 713 1394 788; x_wconf 57' lang='lat' dir='ltr'><em>j</em></span> 
     </span>
     <span class='ocr_line' id='line_1_4' title="bbox 208 789 1348 894; baseline -0.001 -25"><span class='ocrx_word' id='word_1_15' title='bbox 208 799 277 893; x_wconf 83' lang='lat' dir='ltr'>gilio</span> <span class='ocrx_word' id='word_1_16' title='bbox 285 796 506 894; x_wconf 89' lang='lat' dir='ltr'>proximus,</span> <span class='ocrx_word' id='word_1_17' title='bbox 524 791 651 868; x_wconf 89' lang='lat' dir='ltr'>locum</span> <span class='ocrx_word' id='word_1_18' title='bbox 668 790 765 866; x_wconf 88' lang='lat' dir='ltr'>haud</span> <span class='ocrx_word' id='word_1_19' title='bbox 780 805 872 889; x_wconf 89' lang='lat' dir='ltr'>opto</span> <span class='ocrx_word' id='word_1_20' title='bbox 894 789 1118 886; x_wconf 86' lang='lat' dir='ltr'>digniorem:</span> <span class='ocrx_word' id='word_1_21' title='bbox 1141 789 1222 868; x_wconf 89' lang='lat' dir='ltr'>Diis</span> <span class='ocrx_word' id='word_1_22' title='bbox 1235 792 1348 868; x_wconf 86' lang='lat' dir='ltr'>samu-</span> 
     </span>
     <span class='ocr_line' id='line_1_5' title="bbox 211 887 1346 987; baseline -0.004 -16"><span class='ocrx_word' id='word_1_23' title='bbox 211 896 249 971; x_wconf 90' lang='lat' dir='ltr'>lis</span> <span class='ocrx_word' id='word_1_24' title='bbox 259 919 340 971; x_wconf 93' lang='lat' dir='ltr'>non</span> <span class='ocrx_word' id='word_1_25' title='bbox 350 895 482 978; x_wconf 79' lang='lat' dir='ltr'>utitur,</span> <span class='ocrx_word' id='word_1_26' title='bbox 505 890 566 965; x_wconf 91' lang='lat' dir='ltr'>sed</span> <span class='ocrx_word' id='word_1_27' title='bbox 582 889 754 976; x_wconf 87' lang='lat' dir='ltr'>necvilia,</span> <span class='ocrx_word' id='word_1_28' title='bbox 779 889 889 975; x_wconf 86' lang='lat' dir='ltr'>foeda,</span> <span class='ocrx_word' id='word_1_29' title='bbox 917 889 1134 987; x_wconf 88' lang='lat' dir='ltr'>&amp;pudenda</span> <span class='ocrx_word' id='word_1_30' title='bbox 1151 887 1346 968; x_wconf 83' lang='lat' dir='ltr'>officiaillis</span> 
     </span>
     <span class='ocr_line' id='line_1_6' title="bbox 212 985 1348 1088; baseline -0.005 -17"><span class='ocrx_word' id='word_1_31' title='bbox 212 992 415 1079; x_wconf 89' lang='lat' dir='ltr'>demandat,</span> <span class='ocrx_word' id='word_1_32' title='bbox 431 991 535 1082; x_wconf 79' lang='lat' dir='ltr'>quod</span> <span class='ocrx_word' id='word_1_33' title='bbox 546 992 600 1066; x_wconf 88' lang='lat' dir='ltr'>isti</span> <span class='ocrx_word' id='word_1_34' title='bbox 609 987 779 1068; x_wconf 90' lang='lat' dir='ltr'>Deorum</span> <span class='ocrx_word' id='word_1_35' title='bbox 792 987 1028 1088; x_wconf 88' lang='lat' dir='ltr'>Dearumque</span> <span class='ocrx_word' id='word_1_36' title='bbox 1040 985 1197 1065; x_wconf 90' lang='lat' dir='ltr'>Domini</span> <span class='ocrx_word' id='word_1_37' title='bbox 1206 1014 1283 1064; x_wconf 92' lang='lat' dir='ltr'>non</span> <span class='ocrx_word' id='word_1_38' title='bbox 1293 1016 1348 1065; x_wconf 91' lang='lat' dir='ltr'>ra-</span> 
     </span>
     <span class='ocr_line' id='line_1_7' title="bbox 212 1087 1348 1183; baseline -0.004 -13"><span class='ocrx_word' id='word_1_39' title='bbox 212 1091 419 1171; x_wconf 82' lang='lat' dir='ltr'>rdsaciunt:</span> <span class='ocrx_word' id='word_1_40' title='bbox 450 1088 552 1183; x_wconf 85' lang='lat' dir='ltr'>Quid</span> <span class='ocrx_word' id='word_1_41' title='bbox 575 1104 695 1165; x_wconf 93' lang='lat' dir='ltr'>autem</span> <span class='ocrx_word' id='word_1_42' title='bbox 708 1090 825 1163; x_wconf 82' lang='lat' dir='ltr'>dicam</span> <span class='ocrx_word' id='word_1_43' title='bbox 845 1098 970 1183; x_wconf 79' lang='lat' dir='ltr'>Epicuri</span> <span class='ocrx_word' id='word_1_44' title='bbox 982 1087 1086 1164; x_wconf 89' lang='lat' dir='ltr'>Deos</span> <span class='ocrx_word' id='word_1_45' title='bbox 1110 1088 1282 1166; x_wconf 80' lang='lat' dir='ltr'>ridiculos</span> <span class='ocrx_word' id='word_1_46' title='bbox 1294 1090 1348 1165; x_wconf 86' lang='lat' dir='ltr'>fo·</span> 
     </span>
     <span class='ocr_line' id='line_1_8' title="bbox 212 1186 1396 1284; baseline -0.005 -14"><span class='ocrx_word' id='word_1_47' title='bbox 212 1218 264 1280; x_wconf 95' lang='lat' dir='ltr'>re,</span> <span class='ocrx_word' id='word_1_48' title='bbox 280 1188 410 1268; x_wconf 77' lang='lat' dir='ltr'>ficiam</span> <span class='ocrx_word' id='word_1_49' title='bbox 419 1205 554 1266; x_wconf 86' lang='lat' dir='ltr'>aeterno</span> <span class='ocrx_word' id='word_1_50' title='bbox 566 1186 634 1264; x_wconf 89' lang='lat' dir='ltr'>fint</span> <span class='ocrx_word' id='word_1_51' title='bbox 645 1186 737 1265; x_wconf 90' lang='lat' dir='ltr'>Otio</span> <span class='ocrx_word' id='word_1_52' title='bbox 754 1188 879 1264; x_wconf 89' lang='lat' dir='ltr'>donati</span> <span class='ocrx_word' id='word_1_53' title='bbox 891 1188 1077 1264; x_wconf 84' lang='lat' dir='ltr'>turbarent</span> <span class='ocrx_word' id='word_1_54' title='bbox 1088 1192 1222 1284; x_wconf 89' lang='lat' dir='ltr'>omnia,</span> <span class='ocrx_word' id='word_1_55' title='bbox 1241 1189 1348 1265; x_wconf 89' lang='lat' dir='ltr'>&amp;tu-</span> <span class='ocrx_word' id='word_1_56' title='bbox 1393 1265 1396 1270; x_wconf 81' lang='grc'><em>,</em></span> 
     </span>
     <span class='ocr_line' id='line_1_9' title="bbox 213 1286 1348 1382; baseline -0.005 -12"><span class='ocrx_word' id='word_1_57' title='bbox 213 1289 507 1370; x_wconf 78' lang='lat' dir='ltr'>multuarentur?</span> <span class='ocrx_word' id='word_1_58' title='bbox 533 1286 603 1364; x_wconf 91' lang='lat' dir='ltr'>Sed</span> <span class='ocrx_word' id='word_1_59' title='bbox 615 1298 782 1382; x_wconf 79' lang='lat' dir='ltr'>incomptus</span> <span class='ocrx_word' id='word_1_60' title='bbox 796 1288 844 1362; x_wconf 91' lang='lat' dir='ltr'>est</span> <span class='ocrx_word' id='word_1_61' title='bbox 867 1288 903 1361; x_wconf 87' lang='lat'>&amp;</span> <span class='ocrx_word' id='word_1_62' title='bbox 916 1296 1037 1374; x_wconf 71' lang='lat' dir='ltr'>laxis,</span> <span class='ocrx_word' id='word_1_63' title='bbox 1061 1288 1260 1365; x_wconf 87' lang='lat' dir='ltr'>nonhabet</span> <span class='ocrx_word' id='word_1_64' title='bbox 1278 1313 1348 1364; x_wconf 93' lang='lat' dir='ltr'>nu-</span> 
     </span>
     <span class='ocr_line' id='line_1_10' title="bbox 213 1386 1346 1487; baseline -0.004 -19"><span class='ocrx_word' id='word_1_65' title='bbox 213 1416 356 1478; x_wconf 89' lang='lat' dir='ltr'>meros,</span> <span class='ocrx_word' id='word_1_66' title='bbox 387 1404 451 1465; x_wconf 91' lang='lat' dir='ltr'>aut</span> <span class='ocrx_word' id='word_1_67' title='bbox 469 1387 693 1487; x_wconf 82' lang='lat' dir='ltr'>perspicuam</span> <span class='ocrx_word' id='word_1_68' title='bbox 722 1389 844 1483; x_wconf 85' lang='lat' dir='ltr'>Virgilii</span> <span class='ocrx_word' id='word_1_69' title='bbox 869 1386 1100 1462; x_wconf 89' lang='lat' dir='ltr'>brevitatem:</span> <span class='ocrx_word' id='word_1_70' title='bbox 1129 1386 1245 1481; x_wconf 86' lang='lat' dir='ltr'>Quasi</span> <span class='ocrx_word' id='word_1_71' title='bbox 1267 1413 1346 1465; x_wconf 92' lang='lat' dir='ltr'>non</span> 
     </span>
     <span class='ocr_line' id='line_1_11' title="bbox 214 1482 1346 1592; baseline -0.005 -22"><span class='ocrx_word' id='word_1_72' title='bbox 214 1494 381 1592; x_wconf 90' lang='lat' dir='ltr'>iniquum</span> <span class='ocrx_word' id='word_1_73' title='bbox 405 1489 646 1585; x_wconf 88' lang='lat' dir='ltr'>&amp;indignum</span> <span class='ocrx_word' id='word_1_74' title='bbox 658 1482 742 1562; x_wconf 85' lang='lat' dir='ltr'>esset</span> <span class='ocrx_word' id='word_1_75' title='bbox 754 1490 792 1561; x_wconf 90' lang='lat' dir='ltr'>in</span> <span class='ocrx_word' id='word_1_76' title='bbox 802 1484 926 1584; x_wconf 90' lang='lat' dir='ltr'>Opere</span> <span class='ocrx_word' id='word_1_77' title='bbox 935 1487 1167 1585; x_wconf 77' lang='lat' dir='ltr'>irnpersesio,</span> <span class='ocrx_word' id='word_1_78' title='bbox 1195 1489 1346 1587; x_wconf 89' lang='lat' dir='ltr'>&amp;quod</span> 
     </span>
     <span class='ocr_line' id='line_1_12' title="bbox 214 1584 1347 1673; baseline -0.004 -4"><span class='ocrx_word' id='word_1_79' title='bbox 214 1591 381 1669; x_wconf 85' lang='lat' dir='ltr'>ultimam</span> <span class='ocrx_word' id='word_1_80' title='bbox 396 1586 568 1663; x_wconf 79' lang='lat' dir='ltr'>Authoris</span> <span class='ocrx_word' id='word_1_81' title='bbox 584 1610 732 1662; x_wconf 89' lang='lat' dir='ltr'>manum</span> <span class='ocrx_word' id='word_1_82' title='bbox 742 1584 966 1673; x_wconf 81' lang='lat' dir='ltr'>desideravit,</span> <span class='ocrx_word' id='word_1_83' title='bbox 986 1612 1042 1663; x_wconf 92' lang='lat' dir='ltr'>eas</span> <span class='ocrx_word' id='word_1_84' title='bbox 1056 1586 1217 1663; x_wconf 88' lang='lat' dir='ltr'>Veneres</span> <span class='ocrx_word' id='word_1_85' title='bbox 1227 1612 1264 1662; x_wconf 94' lang='lat' dir='ltr'>re</span> <span class='ocrx_word' id='word_1_86' title='bbox 1293 1591 1347 1664; x_wconf 90' lang='lat' dir='ltr'>ui-</span> 
     </span>
     <span class='ocr_line' id='line_1_13' title="bbox 215 1612 1344 1789; baseline -0.004 -21"><span class='ocrx_word' id='word_1_87' title='bbox 215 1715 309 1777; x_wconf 90' lang='lat' dir='ltr'>rere,</span> <span class='ocrx_word' id='word_1_88' title='bbox 341 1711 423 1788; x_wconf 84' lang='lat' dir='ltr'>quae</span> <span class='ocrx_word' id='word_1_89' title='bbox 434 1690 472 1761; x_wconf 94' lang='lat' dir='ltr'>in</span> <span class='ocrx_word' id='word_1_90' title='bbox 483 1685 655 1762; x_wconf 72' lang='lat' dir='ltr'>Poimate</span> <span class='ocrx_word' id='word_1_91' title='bbox 669 1683 826 1761; x_wconf 65' lang='lat' dir='ltr'>maximi</span> <span class='ocrx_word' id='word_1_92' title='bbox 838 1686 1026 1789; x_wconf 80' lang='lat' dir='ltr'>elaborato</span> <span class='ocrx_word' id='word_1_93' title='bbox 1038 1686 1119 1762; x_wconf 91' lang='lat' dir='ltr'>sunt</span> <span class='ocrx_word' id='word_1_94' title='bbox 1129 1612 1344 1785; x_wconf 62' lang='lat' dir='ltr'>spectabiles,</span> 
     </span>
    </p>

    <p class='ocr_par' dir='ltr' id='par_1_4' title="bbox 213 1783 1396 3177">
     <span class='ocr_line' id='line_1_14' title="bbox 257 1783 1347 1885; baseline -0.006 -17"><span class='ocrx_word' id='word_1_95' title='bbox 257 1787 371 1868; x_wconf 89' lang='lat' dir='ltr'>Hurc</span> <span class='ocrx_word' id='word_1_96' title='bbox 393 1785 591 1864; x_wconf 86' lang='lat' dir='ltr'>Calumniae</span> <span class='ocrx_word' id='word_1_97' title='bbox 602 1788 651 1861; x_wconf 83' lang='lat' dir='ltr'>ita</span> <span class='ocrx_word' id='word_1_98' title='bbox 661 1783 860 1885; x_wconf 85' lang='lat' dir='ltr'>profligatae</span> <span class='ocrx_word' id='word_1_99' title='bbox 871 1784 1029 1870; x_wconf 82' lang='lat' dir='ltr'>succedit</span> <span class='ocrx_word' id='word_1_100' title='bbox 1039 1785 1105 1860; x_wconf 89' lang='lat' dir='ltr'>alia</span> <span class='ocrx_word' id='word_1_101' title='bbox 1115 1786 1241 1862; x_wconf 90' lang='lat' dir='ltr'>elatior</span> <span class='ocrx_word' id='word_1_102' title='bbox 1253 1787 1347 1885; x_wconf 87' lang='lat' dir='ltr'>aspe-</span> 
     </span>
     <span class='ocr_line' id='line_1_15' title="bbox 215 1882 1346 1978; baseline -0.005 -12"><span class='ocrx_word' id='word_1_103' title='bbox 215 1889 290 1977; x_wconf 71' lang='grc'>1111,</span> <span class='ocrx_word' id='word_1_104' title='bbox 324 1889 363 1963; x_wconf 89' lang='lat'>&amp;</span> <span class='ocrx_word' id='word_1_105' title='bbox 378 1909 470 1963; x_wconf 90' lang='lat' dir='ltr'>voce</span> <span class='ocrx_word' id='word_1_106' title='bbox 480 1884 720 1963; x_wconf 90' lang='lat' dir='ltr'>truculentior</span> <span class='ocrx_word' id='word_1_107' title='bbox 728 1909 740 1978; x_wconf 86' lang='lat'>3</span> <span class='ocrx_word' id='word_1_108' title='bbox 768 1884 953 1961; x_wconf 88' lang='lat' dir='ltr'>clamitans</span> <span class='ocrx_word' id='word_1_109' title='bbox 964 1883 1147 1961; x_wconf 90' lang='lat' dir='ltr'>Vesanum</span> <span class='ocrx_word' id='word_1_110' title='bbox 1159 1882 1248 1972; x_wconf 89' lang='lat' dir='ltr'>elle,</span> <span class='ocrx_word' id='word_1_111' title='bbox 1274 1885 1346 1961; x_wconf 90' lang='lat' dir='ltr'>lm-</span> 
     </span>
     <span class='ocr_line' id='line_1_16' title="bbox 214 1982 1347 2083; baseline -0.004 -18"><span class='ocrx_word' id='word_1_112' title='bbox 214 1987 442 2072; x_wconf 86' lang='lat' dir='ltr'>modestum,</span> <span class='ocrx_word' id='word_1_113' title='bbox 470 1984 655 2083; x_wconf 83' lang='lat' dir='ltr'>impium,</span> <span class='ocrx_word' id='word_1_114' title='bbox 685 1982 896 2083; x_wconf 79' lang='lat' dir='ltr'>Voluptatis</span> <span class='ocrx_word' id='word_1_115' title='bbox 913 1984 1145 2081; x_wconf 85' lang='lat' dir='ltr'>magistrum,</span> <span class='ocrx_word' id='word_1_116' title='bbox 1174 1988 1277 2060; x_wconf 92' lang='lat' dir='ltr'>omni</span> <span class='ocrx_word' id='word_1_117' title='bbox 1288 1986 1347 2061; x_wconf 86' lang='lat' dir='ltr'>de-</span> 
     </span>
     <span class='ocr_line' id='line_1_17' title="bbox 215 2083 1347 2188; baseline -0.002 -24"><span class='ocrx_word' id='word_1_118' title='bbox 215 2088 324 2188; x_wconf 91' lang='lat' dir='ltr'>nique</span> <span class='ocrx_word' id='word_1_119' title='bbox 337 2086 517 2185; x_wconf 82' lang='lat' dir='ltr'>spurcitie,</span> <span class='ocrx_word' id='word_1_120' title='bbox 545 2108 624 2184; x_wconf 82' lang='lat' dir='ltr'>quae</span> <span class='ocrx_word' id='word_1_121' title='bbox 638 2085 741 2160; x_wconf 90' lang='lat' dir='ltr'>decet</span> <span class='ocrx_word' id='word_1_122' title='bbox 750 2083 910 2161; x_wconf 88' lang='lat' dir='ltr'>Porcum</span> <span class='ocrx_word' id='word_1_123' title='bbox 919 2106 966 2157; x_wconf 83' lang='lat' dir='ltr'>ex</span> <span class='ocrx_word' id='word_1_124' title='bbox 975 2093 1098 2177; x_wconf 78' lang='lat' dir='ltr'>Epicuri</span> <span class='ocrx_word' id='word_1_125' title='bbox 1107 2106 1219 2182; x_wconf 85' lang='lat' dir='ltr'>grege</span> <span class='ocrx_word' id='word_1_126' title='bbox 1228 2087 1347 2184; x_wconf 89' lang='lat' dir='ltr'>inqui-</span> 
     </span>
     <span class='ocr_line' id='line_1_18' title="bbox 215 2179 1345 2282; baseline -0.005 -17"><span class='ocrx_word' id='word_1_127' title='bbox 215 2201 368 2264; x_wconf 87' lang='lat' dir='ltr'>natum:</span> <span class='ocrx_word' id='word_1_128' title='bbox 416 2180 495 2282; x_wconf 83' lang='lat' dir='ltr'>Ego</span> <span class='ocrx_word' id='word_1_129' title='bbox 522 2179 609 2259; x_wconf 80' lang='lat' dir='ltr'>vero</span> <span class='ocrx_word' id='word_1_130' title='bbox 634 2207 822 2282; x_wconf 90' lang='lat' dir='ltr'>nunquam</span> <span class='ocrx_word' id='word_1_131' title='bbox 843 2185 1003 2258; x_wconf 88' lang='lat' dir='ltr'>animum</span> <span class='ocrx_word' id='word_1_132' title='bbox 1028 2206 1151 2259; x_wconf 89' lang='lat' dir='ltr'>meum</span> <span class='ocrx_word' id='word_1_133' title='bbox 1174 2185 1345 2261; x_wconf 86' lang='lat' dir='ltr'>inducere</span> 
     </span>
     <span class='ocr_line' id='line_1_19' title="bbox 213 2280 1347 2388; baseline -0.004 -24"><span class='ocrx_word' id='word_1_134' title='bbox 213 2289 320 2388; x_wconf 92' lang='lat' dir='ltr'>potui</span> <span class='ocrx_word' id='word_1_135' title='bbox 335 2298 379 2362; x_wconf 90' lang='lat' dir='ltr'>ut</span> <span class='ocrx_word' id='word_1_136' title='bbox 388 2284 550 2370; x_wconf 91' lang='lat' dir='ltr'>credam,</span> <span class='ocrx_word' id='word_1_137' title='bbox 578 2292 733 2378; x_wconf 78' lang='lat' dir='ltr'>Pnnponii</span> <span class='ocrx_word' id='word_1_138' title='bbox 758 2291 885 2368; x_wconf 82' lang='lat' dir='ltr'>Attici,</span> <span class='ocrx_word' id='word_1_139' title='bbox 915 2280 1087 2357; x_wconf 84' lang='lat' dir='ltr'>castissimi</span> <span class='ocrx_word' id='word_1_140' title='bbox 1101 2281 1182 2357; x_wconf 90' lang='lat' dir='ltr'>Viri</span> <span class='ocrx_word' id='word_1_141' title='bbox 1201 2283 1347 2360; x_wconf 87' lang='lat' dir='ltr'>familia-</span> 
     </span>
     <span class='ocr_line' id='line_1_20' title="bbox 214 2380 1344 2482; baseline -0.002 -21"><span class='ocrx_word' id='word_1_142' title='bbox 214 2409 310 2473; x_wconf 86' lang='lat' dir='ltr'>rem,</span> <span class='ocrx_word' id='word_1_143' title='bbox 340 2380 537 2482; x_wconf 84' lang='lat' dir='ltr'>Utriusque</span> <span class='ocrx_word' id='word_1_144' title='bbox 553 2387 699 2457; x_wconf 70' lang='lat' dir='ltr'>ciceroni</span> <span class='ocrx_word' id='word_1_145' title='bbox 710 2380 877 2462; x_wconf 81' lang='lat' dir='ltr'>delicias,</span> <span class='ocrx_word' id='word_1_146' title='bbox 907 2382 944 2455; x_wconf 87' lang='lat'>&amp;</span> <span class='ocrx_word' id='word_1_147' title='bbox 966 2384 1139 2458; x_wconf 87' lang='lat' dir='ltr'>eximium</span> <span class='ocrx_word' id='word_1_148' title='bbox 1153 2381 1221 2458; x_wconf 87' lang='lat' dir='ltr'>suaa</span> <span class='ocrx_word' id='word_1_149' title='bbox 1235 2388 1344 2459; x_wconf 84' lang='lat' dir='ltr'>aetatis</span> 
     </span>
     <span class='ocr_line' id='line_1_21' title="bbox 216 2480 1396 2580; baseline -0.003 -19"><span class='ocrx_word' id='word_1_150' title='bbox 216 2497 474 2562; x_wconf 88' lang='lat' dir='ltr'>omamentum</span> <span class='ocrx_word' id='word_1_151' title='bbox 487 2483 647 2580; x_wconf 76' lang='lat' dir='ltr'>totyitiis</span> <span class='ocrx_word' id='word_1_152' title='bbox 658 2481 719 2567; x_wconf 88' lang='lat' dir='ltr'>(de</span> <span class='ocrx_word' id='word_1_153' title='bbox 728 2480 917 2578; x_wconf 82' lang='lat' dir='ltr'>impietate</span> <span class='ocrx_word' id='word_1_154' title='bbox 927 2484 1045 2580; x_wconf 92' lang='lat' dir='ltr'>aptior</span> <span class='ocrx_word' id='word_1_155' title='bbox 1055 2483 1121 2556; x_wconf 91' lang='lat' dir='ltr'>erit</span> <span class='ocrx_word' id='word_1_156' title='bbox 1132 2480 1275 2556; x_wconf 88' lang='lat' dir='ltr'>dicendi</span> <span class='ocrx_word' id='word_1_157' title='bbox 1293 2483 1347 2558; x_wconf 91' lang='lat' dir='ltr'>lo·</span> <span class='ocrx_word' id='word_1_158' title='bbox 1393 2557 1396 2564; x_wconf 74' lang='grc'><strong>,</strong></span> 
     </span>
     <span class='ocr_line' id='line_1_22' title="bbox 215 2579 1346 2678; baseline -0.004 -18"><span class='ocrx_word' id='word_1_159' title='bbox 215 2588 303 2673; x_wconf 88' lang='lat' dir='ltr'>cus)</span> <span class='ocrx_word' id='word_1_160' title='bbox 325 2582 530 2659; x_wconf 79' lang='lat' dir='ltr'>foedatum:</span> <span class='ocrx_word' id='word_1_161' title='bbox 567 2580 691 2657; x_wconf 82' lang='lat' dir='ltr'>Testes</span> <span class='ocrx_word' id='word_1_162' title='bbox 709 2582 818 2676; x_wconf 86' lang='lat' dir='ltr'>igitur</span> <span class='ocrx_word' id='word_1_163' title='bbox 846 2603 993 2678; x_wconf 85' lang='lat' dir='ltr'>quaero,</span> <span class='ocrx_word' id='word_1_164' title='bbox 1021 2579 1080 2654; x_wconf 83' lang='lat' dir='ltr'>led</span> <span class='ocrx_word' id='word_1_165' title='bbox 1099 2580 1228 2656; x_wconf 88' lang='lat' dir='ltr'>nullibi</span> <span class='ocrx_word' id='word_1_166' title='bbox 1248 2586 1346 2656; x_wconf 87' lang='lat' dir='ltr'>inve-</span> 
     </span>
     <span class='ocr_line' id='line_1_23' title="bbox 215 2678 1342 2778; baseline -0.003 -20"><span class='ocrx_word' id='word_1_167' title='bbox 215 2686 335 2770; x_wconf 90' lang='lat' dir='ltr'>niam,</span> <span class='ocrx_word' id='word_1_168' title='bbox 367 2680 506 2778; x_wconf 88' lang='lat' dir='ltr'>Scripta</span> <span class='ocrx_word' id='word_1_169' title='bbox 517 2679 670 2766; x_wconf 80' lang='lat' dir='ltr'>evolve,</span> <span class='ocrx_word' id='word_1_170' title='bbox 699 2693 734 2753; x_wconf 89' lang='lat' dir='ltr'>at</span> <span class='ocrx_word' id='word_1_171' title='bbox 746 2683 783 2753; x_wconf 94' lang='lat' dir='ltr'>in</span> <span class='ocrx_word' id='word_1_172' title='bbox 804 2678 872 2754; x_wconf 88' lang='lat' dir='ltr'>illis</span> <span class='ocrx_word' id='word_1_173' title='bbox 891 2682 1015 2755; x_wconf 86' lang='lat' dir='ltr'>omnia</span> <span class='ocrx_word' id='word_1_174' title='bbox 1024 2678 1136 2777; x_wconf 75' lang='lat' dir='ltr'>longe</span> <span class='ocrx_word' id='word_1_175' title='bbox 1149 2678 1342 2772; x_wconf 83' lang='lat' dir='ltr'>disirmilia3</span> 
     </span>
     <span class='ocr_line' id='line_1_24' title="bbox 215 2775 1341 2877; baseline -0.003 -18"><span class='ocrx_word' id='word_1_176' title='bbox 215 2781 336 2858; x_wconf 88' lang='lat' dir='ltr'>Multa</span> <span class='ocrx_word' id='word_1_177' title='bbox 347 2778 512 2855; x_wconf 89' lang='lat' dir='ltr'>adversus</span> <span class='ocrx_word' id='word_1_178' title='bbox 528 2778 673 2855; x_wconf 85' lang='lat' dir='ltr'>Metum</span> <span class='ocrx_word' id='word_1_179' title='bbox 691 2779 851 2863; x_wconf 88' lang='lat' dir='ltr'>sortiter,</span> <span class='ocrx_word' id='word_1_180' title='bbox 878 2775 1196 2877; x_wconf 84' lang='lat' dir='ltr'>intemperantiam</span> <span class='ocrx_word' id='word_1_181' title='bbox 1213 2779 1341 2867; x_wconf 69' lang='lat' dir='ltr'>severit,</span> 
     </span>
     <span class='ocr_line' id='line_1_25' title="bbox 214 2876 1343 2977; baseline -0.003 -19"><span class='ocrx_word' id='word_1_182' title='bbox 214 2877 424 2960; x_wconf 89' lang='lat' dir='ltr'>Libidinem</span> <span class='ocrx_word' id='word_1_183' title='bbox 441 2876 531 2953; x_wconf 75' lang='lat' dir='ltr'>caste</span> <span class='ocrx_word' id='word_1_184' title='bbox 546 2877 789 2977; x_wconf 84' lang='lat' dir='ltr'>disputantur,</span> <span class='ocrx_word' id='word_1_185' title='bbox 822 2902 901 2977; x_wconf 89' lang='lat' dir='ltr'>quae</span> <span class='ocrx_word' id='word_1_186' title='bbox 910 2877 1046 2953; x_wconf 89' lang='lat' dir='ltr'>hortari</span> <span class='ocrx_word' id='word_1_187' title='bbox 1056 2879 1100 2952; x_wconf 90' lang='lat' dir='ltr'>ad</span> <span class='ocrx_word' id='word_1_188' title='bbox 1110 2878 1284 2965; x_wconf 81' lang='lat' dir='ltr'>Virtutes,</span> <span class='ocrx_word' id='word_1_189' title='bbox 1300 2884 1343 2955; x_wconf 91' lang='lat' dir='ltr'>ab</span> 
     </span>
     <span class='ocr_line' id='line_1_26' title="bbox 213 2975 1346 3077; baseline -0.002 -21"><span class='ocrx_word' id='word_1_190' title='bbox 213 2980 392 3064; x_wconf 80' lang='lat' dir='ltr'>Avaritia,</span> <span class='ocrx_word' id='word_1_191' title='bbox 423 2975 650 3064; x_wconf 83' lang='lat' dir='ltr'>Ambitione,</span> <span class='ocrx_word' id='word_1_192' title='bbox 679 2976 838 3054; x_wconf 83' lang='lat' dir='ltr'>Luxuria</span> <span class='ocrx_word' id='word_1_193' title='bbox 858 2976 988 3075; x_wconf 84' lang='lat' dir='ltr'>poffint</span> <span class='ocrx_word' id='word_1_194' title='bbox 1008 2977 1204 3064; x_wconf 81' lang='lat' dir='ltr'>deterrere,</span> <span class='ocrx_word' id='word_1_195' title='bbox 1233 2979 1346 3077; x_wconf 88' lang='lat' dir='ltr'>pluri-</span> 
     </span>
     <span class='ocr_line' id='line_1_27' title="bbox 213 3075 1347 3177; baseline 0 -23"><span class='ocrx_word' id='word_1_196' title='bbox 213 3104 291 3154; x_wconf 87' lang='lat' dir='ltr'>ma:</span> <span class='ocrx_word' id='word_1_197' title='bbox 320 3075 369 3155; x_wconf 91' lang='lat' dir='ltr'>Et</span> <span class='ocrx_word' id='word_1_198' title='bbox 387 3079 451 3177; x_wconf 90' lang='lat' dir='ltr'>qui</span> <span class='ocrx_word' id='word_1_199' title='bbox 468 3077 512 3151; x_wconf 87' lang='lat' dir='ltr'>ad</span> <span class='ocrx_word' id='word_1_200' title='bbox 528 3076 621 3153; x_wconf 85' lang='lat' dir='ltr'>illius</span> <span class='ocrx_word' id='word_1_201' title='bbox 665 3091 815 3175; x_wconf 88' lang='lat' dir='ltr'>raecepta</span> <span class='ocrx_word' id='word_1_202' title='bbox 835 3075 958 3151; x_wconf 88' lang='lat' dir='ltr'>Vitam</span> <span class='ocrx_word' id='word_1_203' title='bbox 980 3076 1175 3176; x_wconf 84' lang='lat' dir='ltr'>Moresque</span> <span class='ocrx_word' id='word_1_204' title='bbox 1195 3102 1347 3176; x_wconf 90' lang='lat' dir='ltr'>compo-</span> 
     </span>
    </p>
   </div>
   <div class='ocr_carea' id='block_1_4' title="bbox 213 3102 1343 3375">
    <p class='ocr_par' dir='ltr' id='par_1_5' title="bbox 213 3102 1343 3375">
     <span class='ocr_line' id='line_1_28' title="bbox 213 3102 1343 3273; baseline -0.003 -20"><span class='ocrx_word' id='word_1_205' title='bbox 213 3183 299 3266; x_wconf 91' lang='lat' dir='ltr'>nit,</span> <span class='ocrx_word' id='word_1_206' title='bbox 336 3176 451 3254; x_wconf 89' lang='lat' dir='ltr'>Illum</span> <span class='ocrx_word' id='word_1_207' title='bbox 471 3174 601 3252; x_wconf 89' lang='lat' dir='ltr'>Privati</span> <span class='ocrx_word' id='word_1_208' title='bbox 633 3102 819 3252; x_wconf 69' lang='lat' dir='ltr'>dabebunt</span> <span class='ocrx_word' id='word_1_209' title='bbox 855 3178 1129 3273; x_wconf 85' lang='lat' dir='ltr'>integerrimum</span> <span class='ocrx_word' id='word_1_210' title='bbox 1162 3176 1343 3264; x_wconf 80' lang='lat' dir='ltr'>Amicum,</span> 
     </span>
     <span class='ocr_line' id='line_1_29' title="bbox 214 3275 588 3375; baseline -0.019 -18"><span class='ocrx_word' id='word_1_211' title='bbox 214 3279 345 3358; x_wconf 85' lang='lat' dir='ltr'>Civem</span> <span class='ocrx_word' id='word_1_212' title='bbox 364 3275 588 3375; x_wconf 87' lang='lat' dir='ltr'>Respublica</span> 
     </span>
    </p>
   </div>
   <div class='ocr_carea' id='block_1_5' title="bbox 212 3389 1368 4389">
    <p class='ocr_par' dir='ltr' id='par_1_6' title="bbox 212 3389 1351 4368">
     <span class='ocr_line' id='line_1_30' title="bbox 261 3389 1347 3492; baseline -0.007 -19"><span class='ocrx_word' id='word_1_213' title='bbox 261 3396 357 3473; x_wconf 78' lang='lat' dir='ltr'>Seu</span> <span class='ocrx_word' id='word_1_214' title='bbox 384 3391 470 3470; x_wconf 76' lang='lat' dir='ltr'>ciam</span> <span class='ocrx_word' id='word_1_215' title='bbox 480 3402 602 3489; x_wconf 75' lang='lat' dir='ltr'>Epicuri</span> <span class='ocrx_word' id='word_1_216' title='bbox 619 3392 803 3469; x_wconf 72' lang='lat' dir='ltr'>sectatores</span> <span class='ocrx_word' id='word_1_217' title='bbox 815 3407 975 3468; x_wconf 91' lang='lat' dir='ltr'>nontam</span> <span class='ocrx_word' id='word_1_218' title='bbox 990 3392 1048 3470; x_wconf 89' lang='lat' dir='ltr'>sua</span> <span class='ocrx_word' id='word_1_219' title='bbox 1063 3389 1173 3492; x_wconf 76' lang='lat' dir='ltr'>quinn</span> <span class='ocrx_word' id='word_1_220' title='bbox 1182 3391 1347 3489; x_wconf 83' lang='lat' dir='ltr'>Magistri</span> 
     </span>
     <span class='ocr_line' id='line_1_31' title="bbox 212 3491 1343 3589; baseline -0.005 -16"><span class='ocrx_word' id='word_1_221' title='bbox 212 3497 362 3573; x_wconf 89' lang='lat' dir='ltr'>infamia</span> <span class='ocrx_word' id='word_1_222' title='bbox 375 3494 563 3580; x_wconf 90' lang='lat' dir='ltr'>laborant,</span> <span class='ocrx_word' id='word_1_223' title='bbox 590 3492 686 3568; x_wconf 89' lang='lat' dir='ltr'>haud</span> <span class='ocrx_word' id='word_1_224' title='bbox 695 3496 834 3588; x_wconf 86' lang='lat' dir='ltr'>integra</span> <span class='ocrx_word' id='word_1_225' title='bbox 843 3495 909 3567; x_wconf 89' lang='lat' dir='ltr'>erit</span> <span class='ocrx_word' id='word_1_226' title='bbox 920 3491 1040 3569; x_wconf 74' lang='lat' dir='ltr'>Poetae</span> <span class='ocrx_word' id='word_1_227' title='bbox 1057 3494 1167 3571; x_wconf 87' lang='lat' dir='ltr'>nostri</span> <span class='ocrx_word' id='word_1_228' title='bbox 1178 3493 1343 3589; x_wconf 88' lang='lat' dir='ltr'>dignitas,</span> 
     </span>
     <span class='ocr_line' id='line_1_32' title="bbox 212 3589 1346 3672; baseline -0.006 0"><span class='ocrx_word' id='word_1_229' title='bbox 212 3594 277 3672; x_wconf 87' lang='lat' dir='ltr'>nifi</span> <span class='ocrx_word' id='word_1_230' title='bbox 299 3594 399 3671; x_wconf 88' lang='lat' dir='ltr'>illius</span> <span class='ocrx_word' id='word_1_231' title='bbox 427 3595 533 3668; x_wconf 88' lang='lat' dir='ltr'>etiarn</span> <span class='ocrx_word' id='word_1_232' title='bbox 550 3589 681 3669; x_wconf 92' lang='lat' dir='ltr'>Honos</span> <span class='ocrx_word' id='word_1_233' title='bbox 697 3591 898 3667; x_wconf 88' lang='lat' dir='ltr'>vindicetur</span> <span class='ocrx_word' id='word_1_234' title='bbox 920 3617 928 3666; x_wconf 75' lang='grc' dir='ltr'>ε</span> <span class='ocrx_word' id='word_1_235' title='bbox 956 3592 1053 3668; x_wconf 90' lang='lat' dir='ltr'>Nam</span> <span class='ocrx_word' id='word_1_236' title='bbox 1073 3591 1165 3667; x_wconf 76' lang='lat' dir='ltr'>male</span> <span class='ocrx_word' id='word_1_237' title='bbox 1184 3606 1346 3667; x_wconf 84' lang='lat' dir='ltr'>moratus</span> 
     </span>
     <span class='ocr_line' id='line_1_33' title="bbox 214 3689 1348 3792; baseline -0.009 -19"><span class='ocrx_word' id='word_1_238' title='bbox 214 3693 361 3773; x_wconf 90' lang='lat' dir='ltr'>Scholae</span> <span class='ocrx_word' id='word_1_239' title='bbox 380 3691 640 3792; x_wconf 85' lang='lat' dir='ltr'>Philosophicae</span> <span class='ocrx_word' id='word_1_240' title='bbox 651 3690 842 3790; x_wconf 89' lang='lat' dir='ltr'>Princeps,</span> <span class='ocrx_word' id='word_1_241' title='bbox 871 3705 913 3767; x_wconf 91' lang='lat' dir='ltr'>ut</span> <span class='ocrx_word' id='word_1_242' title='bbox 923 3689 1020 3768; x_wconf 88' lang='lat' dir='ltr'>Fons</span> <span class='ocrx_word' id='word_1_243' title='bbox 1033 3692 1234 3784; x_wconf 84' lang='lat' dir='ltr'>lutulentus</span> <span class='ocrx_word' id='word_1_244' title='bbox 1244 3711 1348 3766; x_wconf 86' lang='lat' dir='ltr'>cana-</span> 
     </span>
     <span class='ocr_line' id='line_1_34' title="bbox 213 3789 1347 3892; baseline -0.006 -22"><span class='ocrx_word' id='word_1_245' title='bbox 213 3795 289 3871; x_wconf 91' lang='lat' dir='ltr'>lem</span> <span class='ocrx_word' id='word_1_246' title='bbox 305 3792 432 3878; x_wconf 88' lang='lat' dir='ltr'>suum,</span> <span class='ocrx_word' id='word_1_247' title='bbox 452 3791 603 3869; x_wconf 89' lang='lat' dir='ltr'>obducit</span> <span class='ocrx_word' id='word_1_248' title='bbox 613 3789 709 3892; x_wconf 79' lang='lat' dir='ltr'>quasi</span> <span class='ocrx_word' id='word_1_249' title='bbox 725 3791 826 3877; x_wconf 90' lang='lat' dir='ltr'>limo,</span> <span class='ocrx_word' id='word_1_250' title='bbox 854 3791 1114 3890; x_wconf 85' lang='lat' dir='ltr'>&amp;conspurcat</span> <span class='ocrx_word' id='word_1_251' title='bbox 1127 3789 1347 3889; x_wconf 82' lang='lat' dir='ltr'>Discipulos</span> 
     </span>
     <span class='ocr_line' id='line_1_35' title="bbox 216 3885 1349 3990; baseline -0.008 -19"><span class='ocrx_word' id='word_1_252' title='bbox 216 3893 322 3988; x_wconf 89' lang='lat' dir='ltr'>Quid</span> <span class='ocrx_word' id='word_1_253' title='bbox 333 3906 455 3969; x_wconf 91' lang='lat' dir='ltr'>autem</span> <span class='ocrx_word' id='word_1_254' title='bbox 470 3899 632 3986; x_wconf 83' lang='lat' dir='ltr'>Epicurum</span> <span class='ocrx_word' id='word_1_255' title='bbox 644 3890 826 3968; x_wconf 86' lang='lat' dir='ltr'>laudarem</span> <span class='ocrx_word' id='word_1_256' title='bbox 836 3891 931 3990; x_wconf 89' lang='lat' dir='ltr'>apud</span> <span class='ocrx_word' id='word_1_257' title='bbox 945 3901 995 3977; x_wconf 82' lang='lat' dir='ltr'>Te,</span> <span class='ocrx_word' id='word_1_258' title='bbox 1009 3890 1086 3982; x_wconf 93' lang='lat' dir='ltr'>Qui</span> <span class='ocrx_word' id='word_1_259' title='bbox 1101 3885 1349 3967; x_wconf 70' lang='grc' dir='ltr'>1110111111νί-</span> 
     </span>
     <span class='ocr_line' id='line_1_36' title="bbox 215 3986 1350 4095; baseline -0.009 -24"><span class='ocrx_word' id='word_1_260' title='bbox 215 4007 336 4095; x_wconf 85' lang='lat' dir='ltr'>taeque</span> <span class='ocrx_word' id='word_1_261' title='bbox 350 3992 515 4066; x_wconf 87' lang='lat' dir='ltr'>instituto</span> <span class='ocrx_word' id='word_1_262' title='bbox 527 4015 562 4066; x_wconf 88' lang='lat' dir='ltr'>es</span> <span class='ocrx_word' id='word_1_263' title='bbox 577 3990 717 4077; x_wconf 88' lang='lat' dir='ltr'>abillo,</span> <span class='ocrx_word' id='word_1_264' title='bbox 747 4014 858 4089; x_wconf 90' lang='lat' dir='ltr'>quem</span> <span class='ocrx_word' id='word_1_265' title='bbox 871 3989 1012 4089; x_wconf 82' lang='lat' dir='ltr'>Vulgus</span> <span class='ocrx_word' id='word_1_266' title='bbox 1029 3989 1092 4067; x_wconf 86' lang='lat' dir='ltr'>fibi</span> <span class='ocrx_word' id='word_1_267' title='bbox 1106 3990 1221 4087; x_wconf 89' lang='lat' dir='ltr'>lingit,</span> <span class='ocrx_word' id='word_1_268' title='bbox 1237 3986 1350 4088; x_wconf 76' lang='lat' dir='ltr'>quam</span> 
     </span>
     <span class='ocr_line' id='line_1_37' title="bbox 217 4085 1351 4192; baseline -0.007 -23"><span class='ocrx_word' id='word_1_269' title='bbox 217 4089 378 4170; x_wconf 78' lang='lat' dir='ltr'>maxime</span> <span class='ocrx_word' id='word_1_270' title='bbox 388 4090 549 4166; x_wconf 87' lang='lat' dir='ltr'>alienus?</span> <span class='ocrx_word' id='word_1_271' title='bbox 574 4088 617 4166; x_wconf 90' lang='lat' dir='ltr'>In</span> <span class='ocrx_word' id='word_1_272' title='bbox 631 4088 766 4176; x_wconf 84' lang='lat' dir='ltr'>Deum,</span> <span class='ocrx_word' id='word_1_273' title='bbox 794 4088 1019 4192; x_wconf 90' lang='lat' dir='ltr'>Patriamque</span> <span class='ocrx_word' id='word_1_274' title='bbox 1034 4089 1128 4174; x_wconf 90' lang='lat' dir='ltr'>Pius,</span> <span class='ocrx_word' id='word_1_275' title='bbox 1150 4085 1351 4165; x_wconf 71' lang='grc' dir='ltr'>111111111Ρὶ-</span> 
     </span>
     <span class='ocr_line' id='line_1_38' title="bbox 219 4186 1351 4368; baseline -0.008 -99"><span class='ocrx_word' id='word_1_276' title='bbox 219 4190 295 4282; x_wconf 90' lang='lat' dir='ltr'>dus,</span> <span class='ocrx_word' id='word_1_277' title='bbox 308 4190 512 4278; x_wconf 87' lang='lat' dir='ltr'>Modestus,</span> <span class='ocrx_word' id='word_1_278' title='bbox 531 4187 764 4290; x_wconf 86' lang='lat' dir='ltr'>Temperans,</span> <span class='ocrx_word' id='word_1_279' title='bbox 783 4187 984 4268; x_wconf 86' lang='lat' dir='ltr'>Literarum</span> <span class='ocrx_word' id='word_1_280' title='bbox 997 4186 1288 4368; x_wconf 48' lang='lat' dir='ltr'>stUdiOSiffmsd’</span> <span class='ocrx_word' id='word_1_281' title='bbox 1306 4188 1351 4260; x_wconf 87' lang='lat' dir='ltr'>in</span> 
     </span>
    </p>

    <p class='ocr_par' dir='ltr' id='par_1_7' title="bbox 804 4299 1368 4389">
     <span class='ocr_line' id='line_1_39' title="bbox 804 4299 1368 4389; baseline -0.012 -20"><span class='ocrx_word' id='word_1_282' title='bbox 804 4314 823 4369; x_wconf 85' lang='lat' dir='ltr'>a</span> <span class='ocrx_word' id='word_1_283' title='bbox 854 4310 871 4389; x_wconf 86' lang='lat'>5</span> <span class='ocrx_word' id='word_1_284' title='bbox 1277 4299 1368 4366; x_wconf 76' lang='lat' dir='ltr'>otus</span> 
     </span>
    </p>
   </div>
   <div class='ocr_carea' id='block_1_6' title="bbox 0 0 1587 4967">
    <p class='ocr_par' dir='ltr' id='par_1_8' title="bbox 0 0 1587 4967">
     <span class='ocr_line' id='line_1_40' title="bbox 0 0 1587 4967; baseline 0 0"><span class='ocrx_word' id='word_1_285' title='bbox 0 0 1587 4967; x_wconf 95' lang='lat' dir='ltr'> </span> 
     </span>
    </p>
   </div>
  </div>
 </body>
</html>
