3150 4967
678 527 984 629 stamas}

175 725 177 730 '
260 732 390 792 ornare
401 708 570 812 possunt3
596 710 665 789 suae
676 711 846 810 opinioni
856 709 938 811 plus
949 709 1028 787 satis
1037 709 1277 812 indulgentes,
1307 716 1398 813 ejus.

262 811 446 912 quefamae
456 811 573 889 forsan
581 812 688 887 nimis
697 811 866 908 benigni:
893 809 964 887 Sed
977 812 1078 887 istam
1088 812 1392 904 benevolentiam,

261 935 334 1013 qua
341 936 421 989 non
429 911 579 1008 indiget,
595 909 663 985 Vir
675 909 779 985 ereiii
786 911 941 1009 justique
953 912 1062 986 animi
1071 910 1284 1011 aspernatur,
1305 939 1398 992 con-

259 1025 383 1089 tentus
395 1013 594 1105 iismeritis,
609 1032 688 1110 quae
702 1007 819 1087 Vetus
830 1008 1052 1086 Criticorum
1066 1009 1175 1099 Gens,
1201 1012 1397 1112 integerri-

258 1113 313 1186 mi
331 1110 488 1207 judices,
518 1123 769 1209 agnoverunt,
808 1108 846 1183 &
869 1107 934 1185 suo
963 1108 1222 1188 confirmarunt
1242 1113 1393 1209 judicio.

257 1208 359 1289 Nam
377 1212 416 1285 in
432 1208 498 1286 illo
517 1212 570 1304 (b)
582 1222 695 1283 Artem
707 1206 862 1294 Tullius,
877 1206 927 1301 (c)
947 1210 1077 1283 Subsana
1087 1237 1208 1285 carmen
1223 1209 1391 1301 OvidiuS,

260 1307 507 1405 QUintilianus
521 1307 581 1404 (d)
591 1310 778 1405 Elegantiam
786 1316 819 1380 in
821 1308 879 1398 sua
886 1316 1027 1394 materia,
1044 1306 1175 1385 Statius
1185 1313 1234 1401 (e)
1246 1314 1395 1385 Arduum

249 1409 601 1504 firroremadmiratur
611 1432 624 1501 3
650 1406 782 1507 Neque
792 1404 887 1499 Quis
908 1420 983 1482 tam
1000 1408 1147 1486 acerbus
1161 1407 1283 1487 Poene
1297 1410 1395 1489 Cen-

257 1504 327 1594 sor,
341 1506 506 1608 adeoque
518 1506 571 1584 sui
583 1505 784 1605 negligens,
798 1518 841 1582 ut
854 1505 931 1581 haec
939 1520 1059 1604 neget
1082 1505 1290 1588 Doctorum
1301 1505 1394 1586 invi-

258 1604 353 1681 diam
364 1606 423 1683 sua
432 1609 596 1707 reprimit
607 1606 845 1693 Conscientia,
858 1603 1093 1682 Indostorum
1102 1607 1397 1685 maledicentiam⁴

255 1717 445 1782 tantorum
455 1706 620 1803 judicum
632 1703 871 1782 Reverentia:
899 1701 946 1781 Et
965 1704 1046 1782 sane
1062 1708 1142 1801 jure
1173 1708 1392 1806 expectanda

257 1806 308 1881 est
317 1807 473 1900 Elegmria
482 1808 520 1881 in
530 1805 698 1883 Carmine
711 1806 755 1880 ab
765 1802 844 1904 ipso
864 1802 967 1879 Patre
983 1805 1209 1882 venustatum
1223 1804 1289 1901 (f)
1311 1816 1410 1882 cira·

255 1902 1389 2105 ttatrististristttatstssstsstitttsstt

255 2100 301 2176 ad
315 2107 427 2176 Artem
439 2101 587 2201 spettat,
616 2102 677 2182 seu
699 2095 754 2179 Αἰ
775 2114 1010 2178 umentorum
1028 2104 1299 2199 inventionem,
1327 2105 1389 2182 seu

253 2197 417 2277 Materiae
426 2198 715 2301 dispositionem,
739 2126 810 2277 ssve
821 2201 866 2275 ad
878 2224 995 2277 unum
1003 2198 1123 2289 finem,
1148 2205 1201 2278 im
1227 2206 1303 2279 ium
1316 2228 1390 2279 cer-

224 2395 226 2400 ·
253 2295 311 2385 td,
330 2298 396 2376 'sed
416 2323 530 2401 quem·
547 2298 611 2375 fibi
635 2300 812 2397 elegerat3
837 2302 1076 2375 attentionem
1097 2227 1385 2391 consideremus,

253 2396 353 2475 nulla
367 2402 434 2475 erit
443 2424 604 2499 unquam
617 2400 806 2498 persedior
815 2396 1022 2496 Disciplinae
1034 2398 1200 2475 formula.

304 2495 379 2573 Uni
392 2504 584 2594 Quintillum
596 2501 689 2576 inter
700 2498 852 2574 Veteres
877 2497 895 2588 (
905 2496 1026 2574 Poetae
1048 2496 1196 2575 fortassis
1215 2498 1274 2574 alii
1292 2500 1387 2595 judi-

178 2609 183 2634 ·
254 2596 410 2684 cabunt,
440 2622 510 2695 ego
532 2595 618 2675 verb
640 2594 747 2697 ipsius
756 2600 943 2693 Qvantiliani
952 2593 1121 2672 Hominis
1138 2600 1177 2671 in
1188 2598 1295 2674 rebus
1307 2598 1387 2675 Phi-

226 2730 228 2733 ·
252 2694 331 2771 soso
360 2695 448 2771 hicis
466 2695 615 2773 minime
634 2699 817 2771 exercitati
838 2698 943 2785 vitio)
969 2693 1109 2790 videtur
1127 2694 1383 2793 (b)Diffieilis;

167 2891 170 2898 Ι
252 2720 1135 2873 AtPsurinris&RecentioribusDifficiliortNec
1154 2798 1290 2891 injuria.
1321 2796 1385 2874 ltla

252 2895 352 2970 enim
363 2894 432 2971 furt
444 2894 635 2991 indiligens
648 2891 919 2993 Exscriptorunr
931 2893 1085 2981 inscitia,
1113 2908 1156 2972 ut
1172 2895 1293 2972 nullus
1311 2894 1385 2972 ferd

251 2988 386 3069 Versus
412 2991 431 3084 (
440 2995 484 3069 de
495 2992 636 3091 Paginis
647 2994 735 3095 quid
744 2993 923 3086 dinami)
947 2991 1101 3070 fincerus
1123 3008 1185 3070 aut
1196 2993 1383 3071 emendati

250 3088 421 3192 scriptus:
449 3091 581 3192 Neque
589 3092 723 3169 Manus
733 3117 853 3193 neque
862 3091 970 3169 Mens
989 3091 1053 3169 suo
1073 3089 1196 3170 officio
1210 3092 1385 3190 fungeba-

171 3207 180 3282 ζ
251 3195 332 3277 tur,
360 3190 574 3268 Monstrosae
598 3193 735 3292 ubique
753 3190 897 3279 Voces,
934 3190 1089 3268 absurdae
1105 3191 1317 3285 Sententiae3
1347 3195 1384 3268 ἃ

243 3287 394 3374 'Barbari
403 3290 458 3366 isti
466 3289 664 3369 Librorum
677 3290 942 3368 conservatores
957 3291 1064 3366 nobis
1076 3292 1298 3368 tradiderunt
1309 3291 1385 3370 Co-

195 3428 198 3433 ·
252 3388 499 3496 diceseafide,
529 3416 600 3491 qua
613 3390 715 3469 Mare
732 3390 921 3467 turbidum
939 3388 1110 3487 Navigia:
1139 3390 1236 3466 Nam
1250 3393 1384 3468 eructat

224 3487 341 3604 ,illud
350 3489 470 3566 fraitas
489 3490 692 3590 lacerasque
701 3488 879 3575 Tabulas,
909 3486 928 3565 ὲ
949 3490 1079 3588 quibus
1092 3489 1209 3565 forsan
1226 3491 1300 3565 aliae
1310 3490 1384 3594 Na-

249 3609 312 3665 ves
325 3592 514 3687 compingi
525 3587 692 3687 possunt,
720 3588 780 3664 sed
788 3590 939 3665 minoris
959 3589 1085 3665 formae
1107 3589 1144 3663 δι
1167 3591 1379 3678 venustatis,

216 3684 344 3766 :nita
354 3685 562 3788 peritissimo
578 3688 724 3767 Artifice
737 3691 1015 3787 conjungantur.
1290 3786 1333 3865 Id

203 3855 205 3860 .
406 3837 409 3843 -
1058 3837 1062 3850 ι
1335 3812 1382 3865 eo

157 3977 177 4018 s
274 3950 336 4029 Ι(ἰὴ
356 3952 439 4032 Epist.
451 3956 489 4017 ad
501 3954 644 4034 Fratrem,
665 3955 774 4020 Libii.
789 3955 839 4035 Ep.
852 3975 897 4017 rr.
915 3958 1042 4018 Lucretii
1056 3958 1189 4017 Poemata
1198 3975 1256 4017 non
1256 3951 1331 4034 sunt
1338 3961 1384 4017 ita

247 4038 348 4106 multas
356 4038 511 4099 boninibus
524 4042 654 4117 Ingenii,
687 4042 782 4098 multae
793 4052 890 4098 tamen
911 4042 1003 4097 artis:
1027 4036 1079 4098 atii
1094 4035 1213 4111 legunt,
1236 4041 1310 4107 Sunt
1326 4040 1382 4099 sita

248 4119 365 4189 multis,
387 4117 448 4190 &a
503 4119 552 4190 sc)
574 4121 636 4180 Am.
648 4119 707 4182 Lib.
718 4120 739 4180 l.
752 4118 850 4188 utiq.
904 4119 951 4189 (d)
973 4118 1037 4179 lnsb
1050 4118 1127 4179 Orat.
1143 4117 1202 4178 Lib.
1215 4118 1254 4178 X.
1269 4117 1338 4196 Cap.
1354 4139 1379 4181 1.

248 4198 290 4272 (e)
312 4196 433 4268 Geneth.
456 4198 581 4272 Lucani,
604 4198 665 4260 Lib.
685 4199 720 4260 ll.
740 4198 896 4275 Sylvarum.
933 4241 936 4248 ,
959 4195 1015 4272 (f)
1038 4196 1171 4258 Eusebius
1193 4196 1288 4276 Olym.
1313 4216 1379 4273 171.

233 4276 297 4346 (ι)
318 4276 527 4341 corneliosNe
548 4299 588 4340 os.
604 4281 651 4341 vir.
671 4280 778 4347 Attici..
828 4279 875 4350 rh)
897 4276 962 4340 sust.
977 4279 1055 4342 Orat.
1065 4276 1125 4343 Lib.
1135 4278 1175 4341 X.
1191 4278 1258 4358 Cap.
1275 4300 1301 4342 1.
1323 4278 1380 4342 Ubi
1405 4349 1409 4356 ¹

214 4355 320 4409 namen
328 4351 486 4452 Bassanitas,
509 4301 564 4423 ssd
571 4358 699 4440 frustra,
720 4360 794 4444 legit
805 4355 956 4443 Diffufisit.
