3150 4967
239 428 294 505 72
614 418 659 498 Τ.
699 420 1004 506 LUCRETH

242 576 336 652 Tum
355 578 649 672 Vacuumpettus
668 585 846 673 linquunt,
877 614 1018 677 curaque
1045 586 1203 663 solumne.

289 668 392 758 Qrod
411 666 436 741 li
455 671 593 745 ridicula
612 672 706 760 haec,
731 677 936 765 ludibriaque
958 677 1017 750 else
1033 680 1208 766 videmus,
1255 765 1260 775 Ι
1360 721 1363 728 ·
1399 718 1419 744 τ

242 755 296 833 Re
318 782 460 847 veraque
484 763 598 834 Metus
614 762 818 852 hominum,
844 768 1006 855 Curaeque
1025 765 1201 856 sequaces,

244 847 320 923 Nec
337 866 492 924 metuunt
512 847 638 923 sonitus
659 878 851 941 armorum,
877 881 939 927 nec
960 855 1028 927 fera
1053 858 1140 928 telo:

244 936 472 1025 Audatterque
491 940 577 1011 inter
598 942 725 1029 Reges,
752 968 929 1032 rerumque
954 947 1119 1018 Potenteis

244 1023 451 1113 Versantur,
476 1052 519 1101 ne
542 1054 584 1099 ue
607 1028 770 1120 fulgorem
789 1056 981 1106 reverentur
1002 1036 1043 1106 ab
1066 1060 1170 1123 auro,

244 1115 319 1221 Nec
342 1118 467 1221 clanim
486 1142 526 1188 ve
555 1120 582 1190 is
602 1116 808 1209 splendorem
829 1134 1027 1211 purpurea'r':

244 1206 513 1309 Qnddubrtas,
538 1209 619 1296 quin
637 1234 739 1282 omne
756 1209 795 1282 srt
808 1210 873 1283 hoc
892 1214 1029 1286 rationis
1049 1211 1195 1301 egestas,

246 1296 373 1367 Omms
393 1296 468 1366 cum
486 1298 523 1369 in
543 1300 687 1371 tenebris
709 1298 890 1387 praesertim
913 1303 982 1374 vitu
1002 1304 1154 1378 laboret?

291 1386 383 1457 Nam
406 1386 510 1457 veluti
529 1387 624 1459 Pueri
643 1390 831 1477 trepidant,
856 1410 954 1478 atque
975 1394 1087 1465 omnia
1108 1391 1202 1464 caecis
1396 1461 1420 1484 ω

246 1474 289 1547 In
308 1475 472 1547 Tenebris
494 1496 671 1549 metuunt:
698 1476 741 1549 lic
771 1504 835 1551 nos
852 1481 889 1551 in
907 1483 994 1553 Luce
1009 1482 1166 1553 timemus
1333 1489 1372 1574 pi
1396 1485 1420 1575 ἒξ

247 1564 420 1635 Interdum
443 1563 549 1637 nihilo
567 1590 641 1654 quae
662 1564 738 1640 sunt
763 1571 940 1641 metuenda
964 1573 1091 1658 magis,
1116 1571 1217 1656 quim
1312 1641 1317 1658 ,
1398 1588 1401 1634 ;

245 1656 336 1743 Qrae
353 1655 452 1727 Pueri
472 1656 507 1728 in
526 1657 689 1729 Tenebris
711 1660 879 1745 pavitant,
903 1657 951 1731 fin
998 1683 1098 1747 utque
1114 1656 1238 1731 sutura.

245 1744 351 1819 Hunc
375 1745 476 1833 igitur
490 1764 649 1819 terrorem
668 1750 793 1829 animi,
818 1685 1029 1819 tarentasiae
1048 1745 1169 1820 neoelse
1191 1746 1231 1819 ’st

246 1836 332 1909 Non
349 1835 445 1907 Radii
464 1834 564 1924 solis,
593 1861 699 1923 neque
720 1837 828 1909 lucida
851 1839 912 1909 tela
935 1839 998 1909 diei
1338 1905 1341 1910 ,
1397 1889 1403 1904 .

247 1920 459 2011 Discutiunt,
482 1923 538 1998 sed
561 1928 700 2000 Naturae
717 1924 859 2015 species,
883 1928 1054 2014 Ratioque.
1272 1959 1276 1973 ¹
1339 1935 1399 2004 du⁴

292 2014 397 2090 Nunc
416 2039 499 2105 nge,
524 2041 590 2104 quo
608 2034 704 2089 motu
723 2018 951 2090 Gsurrnrrn
969 2017 1125 2090 Meterius·
1232 2049 1234 2054 ⁴

1269 2101 1379 2183 'Coa
1404 2093 1420 2196 ᾗ,

283 2287 327 2342 4ς.
348 2270 464 2344 Pium.)
486 2275 598 2342 Tempus,
616 2276 696 2333 Codri.
707 2278 801 2347 Caput,
869 2290 912 2345 54.
931 2277 1186 2340 Numerarem,
1198 2274 1272 2347 &c.)
1291 2276 1382 2334 Senem

247 2341 443 2407 flaminum,
455 2351 500 2399 aut
516 2342 800 2414 Gisaniumandiamus,
834 2346 956 2413 Eprio.
978 2344 1054 2400 Talis
1069 2348 1104 2401 est
1118 2347 1272 2400 Animorum
1291 2346 1383 2402 nostro

247 2411 493 2468 VitamiiFabrnrn.
834 2432 892 2469 rum
904 2414 1036 2479 consuflo,
1059 2416 1142 2483 qualis
1156 2417 1267 2467 Lucretio
1276 2413 1333 2469 viss
1342 2413 1383 2477 est,

282 2490 326 2549 46.
345 2482 419 2552 ,Quod
421 2482 451 2547 st
458 2482 570 2543 ridicula,
590 2483 659 2550 διο.)
677 2482 743 2539 Οὺιῐι
752 2484 805 2539 Re·
833 2486 904 2538 Nam
920 2486 1105 2549 velatarum,
1126 2487 1177 2537 &u
1214 2483 1285 2548 Quid
1303 2483 1382 2552 ergo?

267 2568 311 2615 es,
330 2551 451 2615 Nobiles,
472 2548 623 2607 ditili‘rmi&
636 2552 803 2619 potentiffimi
833 2568 919 2607 nonne
930 2554 1000 2606 omni
1010 2551 1094 2605 Puero
1105 2551 1234 2605 stultiores
1244 2549 1336 2606 sumus
1376 2552 1384 2564 ⁴

219 2659 225 2668 .
293 2621 394 2675 nrinum
414 2628 502 2683 metu,
530 2636 608 2685 cura,
639 2618 803 2677 solicitudine
832 2623 860 2674 in
872 2621 941 2676 Luce
962 2620 1120 2674 timeamus?
1157 2620 1207 2674 Sed
1225 2617 1320 2673 falsum
1375 2657 1385 2684 ,

248 2690 399 2752 turbentur,
419 2688 623 2754 necheatiorem‚
650 2688 726 2758 quim
736 2691 801 2756 Alii,
833 2690 951 2750 Lucreti,
971 2691 1188 2744 nontimemusin
1201 2690 1281 2753 Luce,
1301 2690 1391 2743 omnis·

249 2759 353 2812 vitame
372 2764 433 2815 ants
452 2756 606 2823 Honorum,
630 2758 802 2823 Divitiacum,
833 2758 908 2811 nobis
919 2759 1036 2812 tenebras
1047 2758 1165 2821 fecimus,
1178 2757 1244 2809 nihil
1255 2759 1385 2822 videmus,

250 2826 308 2888 &c
345 2774 520 2893 supinitatem
535 2843 568 2879 ex
578 2827 723 2893 ignorantia
736 2845 804 2882 verae
832 2843 880 2880 nee
897 2828 958 2894 quid
980 2836 1089 2888 noceat,
1109 2844 1156 2879 nec
1168 2827 1229 2893 quid
1244 2828 1384 2893 expedintt

248 2892 382 2952 felicitatis
393 2892 460 2947 nasei
472 2910 498 2949 v.
512 2908 552 2960 15.
569 2898 738 2960 pronuntiat:
757 2914 805 2951 nec
832 2903 887 2948 tota
896 2896 951 2950 vita
962 2893 1161 2954 ineursrtamus,
1181 2911 1228 2947 nee
1244 2895 1279 2948 ob
1291 2895 1386 2949 hoere-

250 2964 347 3019 mirum
356 2972 409 3018 tam
428 2961 531 3017 cralsam
546 2961 619 3017 eliel
638 2966 803 3030 notandam,
833 2961 951 3028 sistimus,
971 2960 1231 3029 autoircumspestiirs
1240 2965 1385 3031 pedempo-

249 3031 311 3087 ciam
321 3048 414 3087 omnes
423 3032 507 3086 veluti
525 2982 676 3087 intenebris
692 3035 806 3088 ambule-
833 3034 939 3093 nimus,
961 3034 1033 3087 vides
1044 3040 1129 3086 autem
1147 3046 1222 3098 quam
1245 3030 1278 3085 lit
1292 3028 1385 3086 suricis

250 3119 318 3165 mus,
339 3103 470 3169 vitamque
485 3118 590 3169 agamus
603 3102 737 3169 Epicuron
744 3103 808 3157 Phi·
834 3118 874 3153 res
886 3102 1036 3155 intenebris
1049 3102 1158 3167 impetus
1174 3136 1182 3162 ,
1202 3106 1229 3153 at
1240 3098 1385 3154 mehercule

249 3169 436 3239 losephiaeluee
449 3171 565 3225 nundum
574 3170 738 3226 illustratam.
773 3172 806 3224 In
833 3170 859 3223 id
867 3170 965 3253 agimus
976 3178 1006 3224 ut
1018 3168 1121 3237 longius
1133 3170 1271 3222 revocandi
1291 3168 1383 3232 fimus,
1406 3211 1409 3219 .

248 3240 366 3295 tenebris
377 3239 439 3294 verb
450 3257 496 3293 nos
510 3257 599 3293 omnes
617 3242 707 3294 vivere
719 3258 752 3294 ex
761 3258 807 3294 va·
834 3241 860 3293 dr
871 3255 930 3291 cum
941 3240 1089 3306 ignoremus
1099 3236 1149 3306 qub
1161 3236 1294 3303 feramur,
1314 3237 1383 3292 vclo·

250 3326 286 3363 no
295 3308 437 3363 Hominum
447 3318 537 3372 metu,
561 3312 587 3363 dr
601 3309 718 3363 ridiculis
729 3311 807 3363 timo-
834 3309 897 3362 citer
907 3315 993 3361 tamen
1006 3306 1071 3371 illo,
1092 3307 1328 3375 qrrointendinrus,
1349 3307 1384 3360 ire

251 3378 323 3431 ribus
336 3377 498 3442 demonstrat,
518 3386 548 3432 ut
559 3377 636 3432 Pueri
645 3380 714 3431 enim
729 3380 756 3431 in
768 3384 806 3431 te·
834 3374 1040 3444 perseveramus:
1060 3376 1110 3430 Sed
1126 3373 1271 3440 lucescere,
1290 3374 1383 3429 {iveli-

251 3447 338 3499 nebris
351 3448 582 3510 metuuntomnia,
604 3444 910 3510 &ridiculafibirmus,
956 3444 1027 3499 otest.
1068 3444 1128 3498 Uno
1147 3453 1232 3498 autem
1248 3446 1324 3497 modo
1342 3460 1386 3511 po=

250 3511 312 3580 ipsis
322 3512 449 3582 effingunt
459 3514 593 3579 Pericula,
614 3512 807 3581 ficornnesopi-
834 3513 906 3576 tell,
947 3515 1003 3582 quis
1013 3513 1079 3566 hanc
1098 3514 1269 3565 humanorum
1285 3513 1385 3565 divino·

251 3584 331 3637 nione
342 3584 373 3636 de
390 3583 572 3646 Providentia,
595 3585 621 3636 dr
637 3581 736 3637 suturis
751 3583 806 3651 poli
834 3598 943 3650 rumque
966 3583 1085 3636 notitiam
1101 3582 1247 3648 acceperit,
1267 3578 1286 3633 n
1302 3577 1384 3634 illese

250 3660 362 3706 mortem
374 3653 456 3718 poenis
474 3651 487 3715 (
497 3653 566 3718 aegri,
589 3649 807 3718 utsentitEpicu·
835 3668 887 3704 non
906 3650 1069 3718 perfuderit,
1089 3647 1131 3703 sed
1152 3649 1289 3713 infecerit,
1309 3647 1329 3700 fi
1346 3665 1385 3703 ea-

250 3737 307 3784 rne,
327 3718 439 3787 somnio)
458 3727 598 3774 terrentur.
639 3719 807 3775 Uthastene·
836 3720 902 3783 dem,
924 3721 1041 3787 quamvis
1053 3716 1127 3781 sciat,
1149 3718 1385 3782 retradaverit,&

249 3789 311 3845 bras
322 3788 417 3857 fuget,
439 3789 629 3843 &Memmium
646 3787 806 3843 suumomni
836 3789 867 3841 ad
877 3785 902 3842 se
917 3785 980 3855 saepe
992 3785 1169 3847 retulerit3fi
1191 3786 1317 3855 quesierit
1349 3802 1385 3839 uae

251 3866 324 3913 metu
340 3856 541 3913 &solicitudine
559 3857 653 3913 liberet
662 3859 803 3923 lucretius,
836 3855 886 3912 smt
900 3858 984 3922 bona,
1004 3874 1059 3925 qna
1071 3854 1215 3920 lintmala,
1236 3804 1387 3923 quibuslroe

251 3944 317 3994 opus
328 3925 510 3995 prosequitur,
532 3928 558 3981 dr
578 3942 666 3982 rerum
677 3928 805 3982 Naturam
836 3924 867 3981 srt
875 3943 970 3980 nornen
978 3923 1045 3980 salso
1054 3922 1224 3990 adscriptum:
1245 3923 1273 3976 si
1287 3921 1386 3989 qualie-

252 3996 353 4064 copiosd
365 3998 392 4050 ἃ
403 3992 491 4051 ornati
504 3994 625 4063 explicat.
837 3997 872 4049 rit
881 3996 911 4048 de
920 3994 1072 4062 Turpibus,
1092 3994 1123 4046 de
1133 3992 1269 4057 Honestis,
1284 3993 1316 4045 dc
1326 3992 1386 4045 Pro·

288 4079 329 4130 52.
347 4064 613 4132 ,Quinomnefithml
643 4062 716 4118 Alii:
735 4064 806 4133 Quin
837 4064 962 4118 videntia.
1022 4113 1025 4118 .
1084 4110 1088 4117 .
1325 4115 1328 4120 .

251 4136 440 4199 omnisfithaec:
459 4133 612 4201 nonpcobo,
627 4132 806 4188 &multdmi-
871 4141 914 4187 61.
935 4134 1012 4185 Nunc
1053 4148 1084 4195 e,
1104 4131 1179 4197 &c.)
1197 4129 1387 4197 Argvrmentum

254 4202 597 4272 nusPotellvsproEgestnr:
615 4201 805 4273 quodquidam
837 4198 941 4255 secundi
952 4200 1014 4255 libri
1048 4214 1092 4266 .5.
1113 4199 1277 4253 continetur:
1301 4195 1387 4254 Prirnb

252 4273 333 4330 codd.
346 4270 496 4345 agnoscunt.
736 4315 739 4320 .
834 4271 968 4342 promittit
996 4266 1038 4328 fe:
1052 4267 1243 4341 explicaturum
1257 4264 1406 4392 smmum·

944 4370 1118 4416 .‹'=
