3150 4967
169 402 173 412 ·
236 408 313 480 ιιι
635 363 681 478 r.
707 343 1015 481 rucnrrrr

238 565 349 639 Multa
368 560 510 652 facitque
528 560 609 638 foris
629 592 671 637 ex
689 565 816 640 aedibus
836 584 876 639 ut
892 567 1079 640 ¹uideantur.
1409 609 1417 650 ε-

239 656 273 734 Is
292 678 425 744 quoque
445 654 534 725 enim
553 655 696 743 duplici,
721 658 920 745 geminoque
940 654 982 730 fi:
1002 661 1084 730 Ae're
1094 651 1214 731 Visus.
1310 674 1372 748 275
1404 672 1417 741 ζ

238 744 369 817 Primus
388 745 477 815 enim
498 743 558 831 ’st,
586 748 667 817 citra
686 746 807 835 postris
829 748 887 836 qui
908 746 1053 818 cernitur
1067 748 1143 820 Aer.
1364 773 1376 789 2
1402 770 1417 796 ³

217 833 323 905 ·Inde
343 830 429 905 fores
451 830 526 921 ipsae
539 834 674 922 dextra,
700 839 848 925 laevaque
869 833 1060 925 sequuntur.
1183 909 1186 914 ,
1401 903 1417 936 Ξ

239 922 317 997 Post
336 925 475 996 extraria
497 925 555 995 lux
577 927 690 997 oculos
707 944 891 1015 perterget,
921 928 954 997 &
974 928 1040 998 Aer
1400 937 1417 972 ³

238 1014 350 1093 Alter,
377 1016 408 1083 u
427 1014 502 1094 illa,
527 1011 607 1086 foris
627 1040 701 1103 quae
724 1015 802 1087 verri
820 1012 1086 1103 transpiciuntur.
1399 1091 1402 1096 ,

240 1102 371 1177 Sicubi
392 1099 587 1189 septimum
611 1106 738 1192 Speculi
759 1105 896 1196 projecit
913 1105 1051 1193 Imago,
1311 1116 1371 1189 280

223 1193 334 1265 Dum
357 1194 451 1264 venit
470 1193 511 1263 ad
530 1192 655 1266 nostras
674 1196 760 1266 acies
771 1246 783 1282 ,
808 1195 996 1283 protrudit,
1020 1193 1151 1282 agitque

240 1284 347 1368 Aera,
373 1285 429 1371 qui
452 1284 536 1353 inter
554 1280 586 1354 se
604 1283 773 1373 cunque'st
793 1285 972 1371 oculosque
993 1285 1140 1356 locatus:

239 1372 283 1445 Et
302 1369 399 1456 iacit,
425 1392 463 1444 ut
480 1373 570 1459 prius
587 1375 689 1446 Hunc
708 1398 843 1446 omnem
862 1371 981 1445 sentire
1001 1395 1161 1460 queamus
1399 1431 1402 1436 .

241 1463 356 1549 Qrim
370 1464 566 1548 Speculum:
595 1464 658 1535 Sed
675 1465 733 1535 ubi
753 1465 929 1552 Speculum
952 1486 1084 1551 quoque
1103 1415 1263 1534 sendimus
1273 1456 1371 1551 ipsum

241 1552 416 1626 Continui)
437 1552 455 1621 ὲ
476 1552 573 1624 nobis
601 1554 637 1623 in
654 1553 688 1625 id
709 1553 801 1639 haec,
827 1577 899 1641 quae
922 1549 1048 1638 fertur,
1072 1553 1188 1641 Imago
1311 1565 1371 1639 285

239 1642 419 1720 Pervenit,
446 1644 484 1712 ἃ·
498 1640 626 1714 nostros
645 1645 759 1714 oculos
778 1644 896 1733 rejecta
914 1640 1048 1713 revisit:

240 1732 349 1817 Atque
369 1731 472 1802 ulium
489 1756 556 1819 prae
580 1731 613 1802 ie
628 1733 811 1820 propellens
830 1734 914 1803 Aera
935 1732 1072 1817 volvit,

240 1819 400 1909 Reiecit,
426 1841 464 1891 ut
486 1823 577 1909 priris
596 1820 709 1909 hunc,
735 1824 835 1911 quim
853 1818 906 1908 se,
932 1821 1126 1892 videamus:
1152 1842 1260 1909 eoque
1363 1881 1366 1888 .

241 1910 372 1983 Distare
394 1911 412 1979 al
433 1913 574 1999 Speculo
595 1915 727 1984 tantum
745 1930 908 1983 remmota
926 1909 1068 1982 videtur.

244 2004 359 2089 Quare
381 2001 479 2070 etiam
500 2020 598 2089 atque
621 2004 719 2073 etium
741 2000 879 2073 minime
899 2000 1047 2071 mirarier
1071 1996 1119 2071 est
1138 2022 1197 2086 par
1315 2018 1374 2087 290

242 2091 332 2173 Illis,
360 2114 433 2176 quae
457 2092 601 2164 reddunt
621 2092 837 2179 Speculorum
860 2116 902 2162 ex
922 2113 1055 2178 aequore
1075 2085 1205 2176 visum,

244 2180 386 2251 Aeribus
405 2179 514 2266 binis,
540 2183 699 2267 quoniam
717 2206 769 2253 res
789 2179 891 2262 confit
912 2198 1064 2267 utroque.
1119 2220 1125 2225 ·

290 2270 394 2342 Nunc
417 2295 477 2356 ea,
504 2294 576 2356 quae
595 2271 694 2343 nobis
713 2271 942 2342 membrorum
962 2268 1098 2340 dextera
1117 2290 1192 2356 pars
1212 2265 1284 2355 est,

244 2359 286 2432 In
311 2359 456 2447 Speculis
476 2358 515 2431 fit
534 2379 573 2431 ut
592 2361 629 2431 in
649 2363 731 2431 laeva
752 2360 924 2445 videatur,
952 2384 992 2429 eo
1009 2358 1100 2447 qudd

244 2449 419 2523 Planitiem
439 2450 480 2519 ad
500 2452 627 2536 Speculi
647 2452 782 2522 veniens
810 2450 887 2520 cirm
908 2442 1049 2520 offendit
1062 2448 1198 2533 Imago,
1319 2456 1384 2534 295.

245 2535 330 2613 Noir
350 2542 553 2612 convertitur
577 2541 774 2621 incolumis3
799 2536 854 2612 led
875 2543 963 2611 retia
979 2532 1158 2612 retrorsum
1190 2611 1194 2616 ,
1259 2605 1262 2614 ,

1294 2623 1380 2699 'Sit

281 2827 340 2883 ηε.
361 2818 483 2873 Extraria
496 2816 562 2869 Lae.
577 2816 591 2883 )
607 2816 744 2884 Externa,
761 2814 806 2874 iou
829 2815 954 2885 posteram
976 2812 1016 2870 sui
1035 2822 1157 2937 partem,
1180 2810 1240 2868 cim
1260 2809 1379 2876 discedi,

245 2885 387 2940 Extranea.
427 2885 588 2939 Terentius:
830 2886 971 2948 ostendere,
996 2891 1027 2939 ut
1047 2883 1208 2942 atvalaevanr,
1228 2882 1383 2936 dextradex·

300 2957 373 3007 Nom
387 2957 448 3007 lonc
459 2955 616 3007 conditionem
626 2953 657 3024 fi
676 2957 716 3009 cui
731 2959 806 3010 tulero
831 2964 897 3008 tram
908 2951 1046 3020 respicitur
1066 2968 1125 3005 nam
1144 2952 1171 3005 ἃ
1187 2949 1287 3004 Histrio
1307 2948 1383 3018 perio·

347 3024 480 3078 Extrario.
832 3040 889 3076 nam
899 3020 1097 3077 {ibidetradam
1121 3035 1195 3074 exea
1208 3025 1285 3087 parte
1299 3020 1381 3082 videt,
1415 3025 1417 3030 '

246 3090 283 3147 Et
295 3091 412 3161 Scriptor
424 3093 455 3145 nd
465 3091 647 3145 Herennium:
833 3108 882 3161 qua
892 3092 996 3154 induit,
1016 3091 1069 3143 viz.
1090 3105 1142 3142 non
1152 3085 1301 3143 faciemseil
1311 3087 1385 3159 polle·

296 3160 437 3234 Affirmriva
454 3175 510 3231 porr
524 3159 573 3225 est,
593 3179 647 3213 nem
666 3174 709 3227 per
726 3161 804 3214 Sede-
833 3162 927 3214 riorem
953 3174 1099 3213 cavernam.
1137 3156 1200 3211 Hree
1219 3157 1385 3218 Macrobioe.

341 3234 425 3299 fenfie
442 3234 539 3297 infirma
567 3228 618 3295 est,
639 3229 686 3292 soil
705 3226 806 3300 adsumta
834 3228 963 3283 Saturnal.
976 3227 1022 3282 lib.
1037 3226 1097 3280 Vll.
1116 3223 1199 3289 &14
1239 3221 1388 3280 Huiodilll·

350 3301 463 3356 extraria
473 3318 517 3362 re,
537 3299 711 3368 comprobatur.
834 3297 927 3352 cultati
937 3304 967 3352 ut
978 3293 1117 3351 satisfaciat
1129 3294 1229 3357 Poeta,
1251 3293 1389 3349 illoexerr·

281 3378 344 3433 289.
370 3372 476 3424 Tantum
493 3366 645 3435 remmota.)
691 3367 723 3420 V.
745 3382 804 3432 271.
853 3366 899 3432 lo,
929 3382 980 3433 quo
1001 3360 1148 3419 Adversarii
1169 3370 1304 3429 utuntur,
1326 3360 1391 3416 suaa

246 3437 353 3491 renatos
373 3447 508 3491 remmota:
527 3434 629 3491 tantum
652 3434 808 3491 enimultra
836 3384 990 3489 lententiam
1008 3440 1107 3489 tuetur.
1146 3428 1286 3512 Personam
1320 3431 1391 3498 (lan

247 3506 393 3571 Speculum
403 3507 457 3559 lma
477 3513 628 3573 oapparet‚
650 3502 808 3573 quantumi
837 3500 921 3572 vam)
952 3501 1080 3564 fidilem,
1093 3518 1151 3555 ¹non
1171 3500 1324 3555 induratam
1342 3499 1393 3569 qul-

247 3573 322 3626 nobis
337 3576 412 3629 dillnt
425 3524 509 3642 ipllrm
520 3574 670 3640 Speculum.
838 3575 914 3635 dem,
934 3569 978 3626 sed
986 3571 1113 3624 madidam
1126 3569 1229 3633 adhuc,
1251 3570 1394 3640 adttraltuu

283 3656 345 3705 290.
366 3644 452 3711 Quare
465 3645 538 3697 etiam
549 3645 713 3708 aequoniam,
735 3640 810 3711 duc.)
839 3649 883 3696 aut
896 3640 1045 3695 columnam
1064 3639 1176 3708 aliquam
1186 3636 1301 3704 allidas,
1320 3639 1394 3694 itaut

247 3709 307 3763 Hos
327 3719 380 3767 tres
397 3709 487 3766 versus
503 3709 624 3764 delendos
640 3709 724 3766 censet
734 3711 808 3765 Lam·
839 3707 979 3765 retrorsum
997 3710 1161 3771 invertatur,
1196 3707 1223 3760 dt
1240 3705 1336 3762 Facies
1353 3705 1395 3761 Ge·

246 3780 347 3844 binus,
380 3798 428 3834 nec
448 3776 506 3833 sane
528 3780 603 3833 video
629 3795 675 3834 cur
697 3796 809 3848 unquam
840 3796 947 3835 vernam
956 3778 1080 3846 impleat,
1100 3774 1158 3831 tum
1170 3776 1241 3848 enim
1250 3776 1281 3828 in
1291 3772 1396 3830 Persem

248 3847 371 3905 Censura
387 3851 499 3917 pudeat,
520 3865 580 3918 nam
603 3849 646 3902 hie
664 3848 715 3903 loci
737 3847 810 3904 otiofi
841 3849 940 3904 videbis
952 3848 978 3901 id
986 3846 1083 3901 ladrum
1091 3845 1159 3915 quod
1178 3845 1232 3909 jam
1249 3844 1279 3898 in
1290 3842 1397 3913 Speculo

247 3914 324 3983 lunt,
353 3922 378 3974 δι
396 3917 463 3971 nihil
472 3924 561 3985 agunt.
842 3918 951 3971 miraris.
989 3915 1235 3984 longimanum,
1256 3922 1398 3984 utpoteret

283 4001 344 4053 293.
369 3984 730 4053 Nunreaquanobai,&c.)
749 3986 812 4055 Opi·
842 3983 1018 4047 tenuilfimas,
1050 3986 1081 4038 ad
1102 3981 1243 4051 Speculum
1265 3979 1399 4038 alliserit!

207 4052 212 4060 ’
249 4055 323 4109 nioni
337 4055 446 4124 Epicuri
457 4064 599 4121 repugnat,
623 4053 733 4124 quddin
749 4056 811 4122 Spess
843 4052 984 4110 retrorsum
1003 4053 1102 4109 inverti
1117 4048 1186 4121 polle
1206 4067 1262 4105 non
1282 4049 1400 4107 cstdubi·

250 4124 318 4178 culis
340 4124 430 4193 Imago
457 4122 561 4178 adversa
580 4122 813 4192 contemplatorem
844 4127 961 4179 tandum.

252 4191 327 4248 sunm
342 4192 466 4263 respicit,
486 4190 546 4246 cum
557 4194 665 4256 debeat,
687 4191 706 4246 fi
725 4193 812 4247 uidem
878 4207 938 4258 294.
959 4191 1043 4248 Fitro
1059 4186 1186 4259 atavo.)
1214 4188 1311 4246 larua·
1323 4192 1401 4254 leve,

280 4263 361 4318 nobis
371 4261 507 4319 ortaresto
523 4271 610 4318 meatu
622 4210 812 4334 proficilcitur,
844 4262 980 4318 Muretus.

720 4432 722 4436 Ι
823 4325 836 4396 Ι
