3150 4967
228 425 304 518 243
609 407 654 492 r.
682 403 992 536 rucnarn

232 575 411 665 Accipitres
430 574 547 648 somno
567 574 602 648 in
628 573 696 648 leni
717 573 742 648 li
801 574 902 663 oelia,
929 569 1117 666 pugnasque

231 670 338 750 Edere
356 664 433 738 sunt
452 663 691 755 perseslantes,
714 665 750 738 vi
764 689 857 753 aeque
882 666 1042 738 volantes.

278 758 382 828 Porro
410 757 601 834 Hominum
611 775 739 828 mentes
749 756 878 844 magnis
892 779 964 843 quae
975 751 1124 826 moetus
1134 747 1269 826 edunt?
1292 766 1358 846 10οῐ
1408 783 1412 850 3

231 849 359 934 Magna
380 846 503 918 etenim
523 843 605 935 saepe
619 846 654 917 in
673 846 806 919 Somnis
828 841 1041 932 faciuntque,
1070 860 1266 932 gerantque.
1409 855 1412 896 ²

232 938 341 1024 Reges
362 953 576 1025 expugnant,
603 935 796 1023 capiuntur,
821 934 936 1022 proelia
954 930 1111 1013 miscent3

232 1027 376 1102 Tollunt
395 1028 574 1112 clamores,
602 1022 691 1113 quali
713 1022 739 1097 fi
763 1025 954 1113 jugulentur
973 1024 1120 1095 ibidem:
1247 1104 1252 1112 ¹

232 1117 336 1192 Multi
355 1116 569 1204 depugnant,
596 1109 800 1204 gemitusque
820 1112 989 1186 doloribus
1011 1111 1136 1193 edunts

231 1197 278 1279 Et
290 1202 383 1293 quasi
407 1203 575 1294 pantherae
594 1202 706 1277 morsu
726 1202 870 1290 saevique
887 1204 1008 1275 leonis=
1292 1222 1364 1284 1010

233 1296 464 1381 Mandantur,
488 1296 618 1383 magnis
639 1294 839 1367 clamoribus
860 1293 972 1364 omnia
991 1290 1170 1378 complent.

232 1386 334 1460 Multi
357 1385 397 1456 de
417 1385 552 1475 Magnis
571 1409 629 1472 per
648 1386 812 1457 Somnum
834 1383 927 1455 rebu'
951 1383 1157 1472 loquuntur,

232 1476 428 1564 Indicioque
451 1472 500 1545 sui
522 1472 599 1545 fasti
619 1471 759 1564 perlaepe
778 1470 894 1545 fuere:

232 1566 340 1640 Multi
359 1581 504 1636 mortem
526 1563 674 1649 obeunt,
701 1563 800 1636 multi
818 1564 859 1635 de
882 1559 1054 1633 montibus
1076 1558 1151 1632 altis

233 1657 276 1729 Se
294 1650 383 1743 quasa
404 1654 610 1750 praecipitent
628 1654 670 1724 ad
695 1672 818 1725 terram
840 1675 976 1740 corpore
994 1667 1067 1722 toto
1169 1736 1179 1756 ι
1292 1657 1365 1738 1015

233 1746 477 1829 Exterrentur‚
503 1747 597 1815 &ex
615 1745 763 1828 Somno,
790 1739 879 1831 quali
899 1740 1061 1813 mentibu'
1093 1753 1207 1830 capta,

233 1835 305 1907 Vix
324 1834 365 1904 ad
385 1831 418 1904 se
436 1833 578 1907 redeunt
595 1833 737 1921 permoti
762 1832 908 1920 corporis
928 1828 1020 1902 aestu

233 1925 377 1999 Flumen
394 1924 475 1995 irem
495 1920 630 2009 sitiens,
656 1941 715 1994 aut
733 1919 862 1993 sontem
875 1942 1010 2010 propter
1027 1940 1202 1990 amoenum

233 2011 393 2098 Adlidet,
421 2016 582 2084 &totum
599 2037 701 2101 prope
720 2008 870 2083 faucibus
893 2026 1031 2098 occupat
1050 2031 1198 2081 amnem.

233 2099 310 2175 Puli
335 2100 417 2188 saepe
441 2103 547 2173 lacum
573 2122 728 2189 propter,
752 2097 806 2187 se,
830 2125 868 2172 ac
894 2100 983 2172 dolia
1002 2118 1116 2185 curta,
1295 2117 1368 2176 1020

235 2194 364 2265 Somno
384 2191 530 2263 devindi
558 2192 697 2264 credunt
717 2191 873 2262 extollere
895 2187 1039 2275 vestem,
1130 2220 1132 2224 >

235 2283 360 2355 Totius
381 2279 560 2352 humorem
577 2279 738 2352 saccatum
758 2301 797 2352 ut
816 2281 953 2368 corpori'
975 2275 1136 2350 fundante

236 2371 327 2447 cnm
348 2371 550 2459 Babylonica
570 2368 746 2459 magnifico
764 2366 935 2458 splendore
957 2368 1116 2456 rigantur.

281 2464 396 2549 Tum,
422 2462 543 2551 quibus
564 2462 669 2534 aetatis
691 2457 774 2532 freta
791 2459 943 2550 primitus
963 2456 1195 2549 infirmantur,
1263 2547 1286 2622 S

1288 2567 1374 2622 emeli

275 2755 350 2807 1004.
374 2741 484 2806 Visoque
498 2736 643 2805 volantes.)
666 2737 795 2794 Dicebant
860 2752 935 2791 1022.
956 2733 1256 2807 Humoremsaceatum.)
1273 2730 1374 2792 noceat

239 2819 361 2872 veteres,
383 2809 603 2874 IIaecAccipitrir:
622 2805 715 2860 Faber.
823 2805 991 2874 pofitumpro
1004 2805 1088 2867 Latio,
1110 2802 1202 2860 iisdem
1214 2804 1376 2860 vocihnsnti-

276 2892 350 2929 1020.
372 2873 464 2941 Pofi.)
491 2874 552 2940 Prfi
561 2910 570 2936 ,
590 2875 671 2935 Puri,
696 2876 793 2939 Pueri,
808 2899 811 2904 ·
824 2883 868 2929 tur
878 2875 1028 2929 Arnobius:
1048 2873 1149 2929 Notum
1172 2875 1237 2944 quid
1250 2872 1283 2930 sat
1300 2876 1376 2929 rocoa

239 2946 292 3012 legi
304 2943 400 3010 potest,
412 2944 501 3001 eadem
513 2942 582 2996 enim
593 2941 797 3013 omniumsrgni-
808 2955 813 2994 r
826 2945 852 2997 ἃ
864 2944 976 2998 Socratas
989 2980 999 3009 ,
1024 2941 1084 2997 clam
1100 2942 1132 2998 de
1141 2942 1212 2998 Vino
1226 2946 1257 3006 84
1266 2941 1376 2999 ancile

238 3011 342 3067 ficatio:
363 3013 449 3064 Faber.
613 3019 615 3023 '
824 3010 1104 3081 percolendiaagitur:
1124 3011 1282 3081 Martialis,

240 3103 246 3114 ,
276 3094 350 3132 1020.
374 3075 562 3146 Doliocurto.)
588 3077 620 3132 In
638 3078 702 3133 urbe
716 3094 799 3146 popu·
880 3081 979 3133 cocula
998 3078 1152 3146 saccentur,
1188 3099 1290 3152 quaque
1314 3092 1377 3136 cm

239 3147 368 3210 lofiffima
379 3146 450 3216 siqua
458 3164 574 3216 unquam
583 3146 653 3211 suit,
674 3148 800 3212 (Romam
925 3152 993 3202 coxit
1008 3150 1028 3203 0
1044 3152 1098 3202 imi.
1213 3173 1216 3178 ·

240 3216 313 3286 dico)
328 3218 397 3271 dolia
407 3220 434 3269 in
446 3216 549 3284 angulis
558 3216 703 3284 platearum
713 3224 796 3281 erant,
863 3229 938 3282 1023.
955 3163 1165 3285 camiotyrmica
1175 3218 1375 3287 magm'fieosplar·

239 3286 269 3340 in
281 3304 337 3355 quae
369 3287 483 3353 eregrini
504 3286 639 3348 hammer,
664 3284 707 3339 vel
724 3285 801 3339 Cives
828 3286 918 3352 dore.)
938 3285 1100 3356 Babylonica
1116 3284 1196 3341 strata
1212 3286 1376 3358 magnilica&

241 3357 333 3423 quide
362 3356 468 3408 «ciendo
487 3355 556 3407 domi
573 3354 638 3409 lotio
656 3351 718 3423 (fic
731 3355 802 3407 enim
827 3351 977 3423 splendida,
998 3363 1029 3409 nt
1039 3355 1108 3422 apud
1126 3354 1205 3424 Virg.

241 3422 315 3488 loqui
329 3420 411 3476 solent
428 3422 541 3491 Latini)
560 3431 699 3491 antequam
715 3423 743 3475 in
755 3440 804 3491 pu·
882 3450 963 3463 -
976 3424 1057 3492 Equos
1061 3423 1185 3491 splendore
1192 3426 1286 3480 mooli.

241 3488 339 3542 blicam
351 3491 503 3556 prodirent,
519 3492 737 3560 non-cogitarant,
759 3508 805 3546 ve-
865 3505 942 3558 1024.
968 3492 1240 3560 Tumquiburaetota'o,
1255 3496 1307 3550 dte.
1335 3485 1379 3550 nti

241 3556 319 3610 sicam
331 3574 473 3610 exonerare
485 3556 554 3613 soliti
571 3559 696 3621 fuerumt
716 3559 802 3614 Unice
831 3561 942 3625 Quidam
954 3560 1316 3628 Lametiiimmodestiam,r
1351 3558 1381 3615 ll·

242 3625 357 3678 adhunc
378 3624 465 3676 locum
480 3624 543 3679 facit
560 3630 628 3697 quod
647 3630 716 3697 apud
735 3629 803 3682 Ma·
831 3646 863 3697 go
884 3629 957 3683 illins
970 3629 1061 3684 Artem
1086 3625 1196 3698 agnosco
1217 3635 1246 3687 &
1265 3629 1378 3702 suspicio:

242 3693 351 3747 erobium
361 3691 447 3757 legere
458 3691 493 3744 est
505 3730 514 3755 ,
534 3693 579 3746 lib.
589 3695 625 3748 11.
637 3713 693 3765 cap.
708 3712 748 3749 12.
759 3697 805 3751 Sa·
831 3698 923 3767 Neque
936 3696 1052 3765 prosette
1062 3698 1113 3752 Ille
1125 3716 1245 3769 unquam
1255 3697 1383 3771 aliquiddt

243 3759 341 3815 turnal.
365 3759 427 3811 Inde
443 3760 475 3838 od
499 3762 625 3814 Comitium
640 3767 751 3829 vailant,
777 3783 806 3818 ne
832 3765 980 3831 hujusmodi
993 3764 1155 3834 insomniis,
1175 3767 1226 3824 nili
1248 3772 1282 3824 ad
1302 3783 1385 3826 aenne·

244 3833 310 3883 litem
314 3827 387 3888 socom
390 3827 513 3889 faciente
532 3828 594 3881 dum
606 3840 680 3897 eunt,
700 3833 806 3899 nullaest
833 3832 1108 3903 etenaamsequentem
1129 3838 1161 3891 de
1170 3837 1298 3895 Libidine
1314 3842 1340 3895 dt
1358 3835 1387 3890 d·

244 3899 271 3949 a'n
289 3894 427 3974 angiporto
444 3894 583 3973 amphora,
614 3916 686 3965 quam
701 3904 804 3953 nonin
833 3920 903 3957 more
925 3901 1127 3972 disputationem
1145 3906 1292 3964 necessaria
1308 3903 1388 3966 faidel

243 3966 342 4031 prome,
363 3973 450 4027 quippe
467 3978 508 4027 pm
522 3961 730 4032 Voroompanom
750 3972 807 4022 vini
833 3971 940 4025 istorum
952 3972 1100 4041 explicatio.

246 4031 358 4083 habeant.
401 4029 578 4094 runcantem,
600 4029 755 4099 semifracta,
774 4039 805 4089 ad
870 4055 946 4107 1024.
966 4042 1169 4111 AEtatiafretc.)
1187 4044 1290 4101 AEtatis
1306 4044 1390 4108 astus,

247 4092 515 4173 eosusussatisapta:
535 4095 663 4179 Caeterum
673 4103 750 4157 Delia
760 4105 807 4157 illa
835 4106 988 4180 deferrer,
1008 4109 1191 4172 Adolescentia
1213 4113 1325 4174 seilicet.
1349 4115 1395 4176 ΒΜ

246 4162 456 4301 ligariialati'raldii’
483 4161 733 4237 vellighmoperis,
753 4189 806 4228 non
835 4177 885 4232 ber.
