3150 4967
535 353 547 388 Q

472 461 688 566 arura
723 458 1026 559 oururus.
1230 475 1299 557 265

167 628 262 721 Qui
279 650 388 716 neque
400 628 515 708 ,noster
532 628 602 705 adit
618 627 809 720 quisquam,
834 651 941 716 neque
957 626 1117 701 Barbarus
1135 625 1261 702 audet?

167 724 307 794 Caetera
327 720 372 789 de.
386 742 503 805 genere
521 719 586 792 hoc
610 744 683 808 quae
706 716 782 796 sunt
799 737 950 807 portenta
969 740 1137 806 peremta,

167 813 208 885 Si
229 832 303 882 non
322 809 409 896 vidia
426 804 557 895 forent,
581 810 660 896 quid
682 808 816 880 tandem
838 808 916 878 viva
932 808 1115 881 nocerent?
1142 846 1145 852 ·

167 899 259 985 Nil,
284 918 323 969 ut
341 898 476 982 opinor:
501 899 551 968 ltu
570 898 611 969 ad
628 895 776 970 satiatem
794 913 879 969 terra
900 898 1057 968 Ferarum
1260 915 1306 986 40

168 988 281 1061 Nunc
296 985 393 1057 etiam
412 982 526 1072 scatit,
552 989 583 1058 ἃ
606 989 731 1073 trepido
756 1005 881 1057 terrore
900 986 1059 1073 repleta'st
1167 1043 1170 1054 ,

167 1076 236 1149 Per
259 1099 396 1147 nemora
413 1098 450 1145 ac
474 1076 616 1149 monteis
636 1100 795 1163 magnos,
820 1072 986 1162 sylvasque
1004 1072 1202 1161 profundas:

167 1168 264 1255 Qiae
288 1166 359 1253 loca
377 1163 505 1256 viprdi
527 1165 718 1252 plerumque
737 1162 783 1234 est
803 1162 912 1234 nostra
934 1163 1084 1249 potestas.

221 1256 268 1326 At
293 1250 352 1323 nist
372 1250 585 1341 purgatum‘st
604 1256 737 1341 pertus,
762 1274 835 1338 quae
855 1252 969 1339 proelia
988 1254 1106 1339 nobis,

175 1342 290 1429 atque
308 1342 450 1429 pericula
466 1363 547 1413 tunc
571 1342 707 1429 ingratis
729 1339 990 1413 insinuandum?
1153 1337 1175 1374 ³
1261 1359 1308 1431 45

176 1434 327 1518 Qiantae
349 1426 565 1506 conscindunt
581 1429 752 1503 hominem
772 1429 974 1517 Cuppedinis
998 1452 1086 1501 acres
1197 1452 1200 1456 ·

175 1519 364 1592 Sollicitum
386 1520 500 1590 curat?
524 1520 716 1607 Quotique
732 1519 865 1607 perinde
885 1519 1049 1590 timores?

179 1609 317 1695 Qridve
336 1607 514 1695 Superbia,
540 1608 735 1696 Spurcities,
761 1608 963 1693 Petulantia,
989 1623 1126 1694 quantas

180 1684 339 1768 Efficiunt
358 1695 500 1769 cladeis?
524 1697 620 1784 Quid
638 1700 771 1781 Luxus,
797 1693 1035 1782 Desidiesque?

220 1787 307 1857 Haec
326 1784 430 1873 igitur
448 1784 505 1872 qui
527 1789 642 1857 cunda
662 1782 844 1873 subegerit,
871 1803 912 1855 ex
929 1785 1106 1871 animoque
1184 1871 1187 1877 .
1264 1804 1310 1875 50

183 1872 351 1962 Expulerit
372 1874 487 1960 diuis,
512 1898 582 1945 non
599 1877 718 1958 armis,
743 1897 854 1944 nonne
874 1873 1045 1959 decebit,
1134 1934 1136 1937 .
1240 1914 1242 1918 ·

184 1961 283 2036 Hunc
304 1963 489 2034 Hominem
506 1987 645 2042 numero
667 1965 796 2035 Divitm
817 1963 977 2049 dignarier
996 1960 1083 2035 effe?

184 2051 266 2124 cum
289 2050 374 2122 bene
398 2049 575 2139 pracsertim
595 2052 719 2138 multa,
743 2075 780 2122 ac
795 2050 955 2122 divinitus
974 2049 1049 2139 ipsas

182 2138 418 2213 lmmortalibu’
440 2141 480 2211 de
500 2140 599 2217 Divis
621 2140 696 2211 dare
718 2139 804 2212 diua
823 2137 939 2218 suerit3
1069 2209 1072 2214 ,

182 2229 287 2318 leque
307 2253 442 2303 omnem
458 2252 570 2301 rerum
589 2230 753 2302 Naturam
772 2227 912 2315 pandere
929 2227 1033 2298 diuis.
1067 2247 1070 2254 ·
1266 2248 1311 2320 55

223 2321 359 2479 &wius
385 2344 445 2406 ego
464 2315 619 2405 ingressus
642 2317 797 2406 vestigia,
821 2342 912 2388 nunc
929 2317 1077 2388 rationesv

179 2407 222 2492 Pe
253 2431 380 2497 equor,
404 2432 442 2477 ac
462 2408 564 2478 doceo
583 2407 699 2493 diuis,
724 2432 791 2494 quo
811 2430 947 2495 quaeque
968 2423 1072 2476 creata

178 2496 314 2569 Foedere
338 2493 423 2582 lint,
447 2497 485 2567 in
509 2520 548 2565 eo
562 2499 660 2582 quam
677 2495 717 2567 fit
736 2497 852 2567 durare
870 2491 1050 2565 necessum:

177 2583 253 2658 Nec
271 2586 397 2655 validas
413 2586 478 2675 ¹aevi
498 2586 631 2656 valeant
653 2582 831 2655 rescindere
853 2584 950 2672 leges.

178 2675 271 2763 Quo·
286 2697 406 2764 genere
426 2675 461 2752 in
483 2675 595 2761 primis
615 2674 726 2747 Animi
743 2692 861 2745 natura
879 2690 1003 2759 reperta
1020 2669 1080 2757 Ἦ,
1262 2681 1310 2747 60

177 2761 309 2835 Nativo
331 2762 438 2849 primo
457 2761 627 2834 consistere
647 2786 781 2850 corpore
802 2782 905 2833 creta:

175 2852 253 2925 Nec
273 2850 359 2940 polse
376 2852 551 2941 incolumis
569 2876 726 2941 magnum
743 2852 861 2923 durare
873 2874 931 2940 per
948 2874 1081 2922 aevum:

1244 2940 1309 3013 Sed

209 3140 256 3194 4ο.
278 3127 361 3182 stood
374 3126 531 3195 Saliarem.)
556 3127 603 3182 lid
619 3128 727 3184 Satieta·
764 3127 854 3199 pisse,
892 3126 1027 3195 aliquando
1054 3124 1130 3180 etiam
1145 3127 1310 3193 peritarum

175 3204 250 3261 tem,
269 3192 331 3272 ergit
346 3196 431 3275 aigae:
465 3196 495 3252 Id
513 3195 564 3259 est,
591 3195 666 3251 valli
681 3207 726 3253 aar
765 3198 863 3253 Deinde
872 3196 1004 3251 Mundi&
1017 3194 1174 3247 Animalium
1182 3196 1309 3262 originem

175 3262 301 3320 &uadit
319 3263 355 3320 Et
372 3261 448 3320 versu
467 3262 602 3340 sequenti,
630 3266 725 3320 Sentit:
764 3265 905 3327 describet,
925 3261 1024 3317 docebit
1034 3278 1088 3340 quat
1101 3262 1227 3341 Animalia
1241 3261 1309 3315 nasci

175 3331 320 3397 steiana,
764 3341 920 3401 potuerunt,
957 3328 1081 3385 ualimnt
1093 3330 1227 3383 Poetarum
1237 3333 1310 3383 voni·

209 3401 382 3468 'Lcrp'flm
393 3400 491 3467 fontem
513 3399 727 3471 Scatere‚,otpue
764 3401 937 3483 tetdrVulgi'
969 3398 1099 3466 perstitio:
1115 3398 1247 3461 Quomodo
1256 3399 1310 3453 No·

210 3548 257 3603 45.
277 3470 570 3605 mmeramme.)
595 3535 725 3599 Gisanius,
764 3464 1310 3602 deindoireairilesrbiiiliobisdeglidnlsdidaderldd:

176 3605 260 3672 Aeque
268 3606 373 3673 pericula
385 3603 432 3669 eft:
456 3606 548 3659 Praelio
565 3606 726 3671 irfinuandum
764 3615 807 3662 tus
815 3607 928 3660 Deorum
941 3606 1016 3657 ilicet.
1037 3602 1154 3671 Demque
1168 3603 1244 3668 Solis,
1257 3606 1309 3659 Lu-

173 3675 263 3735 mbt's,
282 3668 377 3736 idest,
397 3671 486 3727 Prtelia
502 3670 563 3727 sunt
579 3672 652 3729 nobis
670 3670 728 3727 sub·
765 3691 823 3736 nae,
842 3675 960 3727 Siderum
975 3668 1063 3725 cursus
1086 3672 1241 3738 explicabit:
1261 3674 1311 3726 Ea·
1352 3695 1356 3700 ·

174 3733 273 3798 eunde.
766 3758 817 3810 quc
832 3741 891 3795 Sola
905 3741 933 3795 vi
942 3740 1066 3804 Natura,
1085 3740 1158 3793 nulla
1174 3740 1237 3794 verb
1249 3742 1313 3793 Pro·

210 3818 257 3874 48.
276 3804 438 3875 Spurrities.)
464 3807 595 3874 Spurmrt,
620 3807 725 3884 λωςῆςε
765 3811 881 3865 videntia
896 3808 968 3862 volvi
989 3808 1177 3862 demonstrabit.
1214 3808 1269 3862 Nili
1285 3824 1312 3862 e·

174 3877 232 3941 Qui
249 3884 282 3931 ut
301 3876 486 3941 interpretatur
506 3874 649 3943 Polybius,
680 3872 725 3930 lib.
765 3879 820 3932 nim
832 3886 916 3931 motus
926 3875 1038 3930 coelestes
1050 3876 1180 3943 explicet,
1199 3876 1313 3930 baudia-

172 3944 267 4002 xvii.
288 3950 330 4001 iae
356 3969 365 4001 r
383 3949 414 4003 te
428 3948 462 4018 eir
479 3944 613 4011 er'ee'ayrrae
632 3950 642 4003 i
659 3945 727 4004 daea·
767 3944 815 4000 cild
829 3945 905 4000 tollet
918 3962 1020 3998 omnem
1033 3946 1063 3998 de
1077 3944 1242 3997 Providentia
1258 3946 1314 4013 opi-

171 4032 215 4077 n,
253 4010 315 4064 vid.
349 3967 505 4065 asaubonom
514 4013 545 4066 ad
557 4012 649 4081 Theop
669 4013 729 4067 rasti
768 4016 887 4068 aionem:
908 4012 975 4066 Nam
994 4012 1116 4080 Religio,
1136 4023 1165 4067 ut
1183 4014 1266 4079 primo
1281 4013 1314 4066 li·

172 4078 477 4147 charastetes,p.180.
767 4082 814 4137 bro
824 4080 956 4145 observat,
1173 4119 1176 4125 -
1235 4134 1254 4142 ⁴,

227 4155 256 4203 6.
280 4150 352 4214 Cujus
362 4166 404 4217 ego
416 4144 545 4217 ingrejsus,
560 4148 628 4212 dcc.)
647 4147 678 4200 V.
685 4154 725 4214 36.
822 4152 894 4217 Caput
904 4150 915 4202 ὲ
927 4151 982 4203 Caeli
993 4146 1237 4215 regionibusojlmdit.

246 4234 260 4271 e
283 4216 345 4271 libri
372 4223 571 4285 argumentum:
609 4216 731 4270 Probabit
804 4224 845 4284 56.
866 4221 942 4271 Nune
950 4217 1096 4281 Rationes.)
1114 4216 1182 4281 Alii,
1202 4217 1258 4272 dum
1274 4235 1315 4272 ra·

174 4287 252 4343 enim
265 4284 346 4341 reeta
360 4285 493 4340 Mundum
505 4283 642 4352 aliquando
661 4285 731 4338 iute-
769 4288 856 4351 tiones,
876 4281 1109 4419 διῐοτὲαιιςιηεῦἰιε.
