3150 4967
465 438 648 524 rrnnn
685 400 992 539 ounnrus.
1165 483 1171 500 „
1225 470 1299 541 219

232 607 300 679 uati
312 658 324 694 ,
348 606 425 696 quia
443 609 562 683 luroris
585 611 626 682 de
645 634 782 699 corpore
806 636 924 685 eorum

232 700 296 768 tina
320 700 424 770 multa
441 698 550 771 fluunt
570 702 758 774 Simulacris
777 702 879 775 obvia
900 727 1035 789 rerum,
1234 722 1301 797 335

232 790 340 875 ltaque
359 783 435 859 sunt
454 791 558 860 oculis
579 792 749 861 incorum
773 793 914 879 denique
936 791 1052 875 mista,

233 902 250 947 e
273 896 412 963 contage
433 874 491 948 sun
509 879 687 965 palloribus
707 883 821 951 omnia
845 883 997 970 pingunt.

254 966 399 1038 tenebris
422 986 536 1038 autem
556 993 629 1056 quae
653 966 732 1039 sunt
757 971 792 1039 in
814 972 886 1042 luce
906 989 1062 1059 tuemur,

233 1072 360 1143 pterea,
386 1058 461 1143 quia
487 1058 562 1127 crim
588 1060 721 1146 propior
743 1061 888 1148 caliginis
912 1062 978 1132 Aer

233 1170 240 1213 .·
260 1147 325 1216 init
342 1147 455 1217 oculos
473 1148 585 1233 prior,
613 1150 645 1218 u
665 1145 801 1234 possedit
822 1170 972 1236 apertos:

235 1236 350 1321 quitur
373 1235 514 1306 candens
534 1234 703 1307 confestim
723 1239 852 1310 lucidus
872 1241 958 1325 Ae'r,

250 1322 341 1409 quasi
361 1343 479 1412 purgat
500 1350 556 1396 eos
567 1377 578 1411 ,
604 1351 642 1396 ac
658 1328 767 1413 nigras
781 1325 913 1401 discutit
939 1326 1075 1403 umbras

236 1439 252 1483 s
274 1414 382 1485 illius:
407 1415 499 1486 Nam
518 1416 630 1486 multis
652 1416 800 1502 partibus
818 1416 874 1487 hic
891 1415 938 1489 est

233 1504 347 1588 iiiior,
373 1501 548 1591 multisque
568 1506 748 1592 minutior,
775 1510 808 1577 ἃ
826 1530 920 1595 mage
942 1507 1079 1595 pollens.

252 1589 351 1662 fimus
372 1611 469 1678 atque
490 1596 560 1665 vias
584 1596 759 1667 oculorum
779 1597 852 1667 luce
872 1599 1033 1684 replevit,

233 1706 269 1751 re
289 1679 440 1767 patefecit
461 1706 541 1768 quas
566 1702 642 1754 ante
662 1684 832 1757 obsederat
848 1706 934 1756 ater:

234 1772 334 1841 tinud
349 1796 460 1841 rerum
485 1773 663 1845 Simulacra
682 1774 833 1861 adaperta
857 1772 1040 1862 sequuntur

234 1886 247 1930 e
268 1858 327 1931 sna
346 1859 423 1931 sunt
445 1864 484 1931 in
504 1862 597 1947 luce,
622 1861 861 1951 lacessuntque,
886 1885 925 1936 ut
944 1866 1126 1939 videamuc

234 1951 263 2019 »d
286 1973 400 2021 contro
420 1947 523 2023 secere
541 1952 577 2021 in
598 1952 743 2023 tenebris
768 1955 787 2024 t
806 1954 877 2026 luce
901 1956 1098 2042 nequimus,

234 2058 356 2126 nerea,
381 2041 458 2126 quia
476 2039 636 2127 posterior
660 2043 803 2131 caliginis
827 2047 891 2116 Aer

235 2126 302 2198 sror
320 2126 520 2216 insequitur,
547 2132 605 2217 qui
626 2135 742 2204 cuneta
765 2129 928 2204 foramina
946 2132 1114 2223 complete

234 2216 362 2305 iditque
379 2221 448 2291 vias
468 2220 664 2306 oculorum,
690 2246 733 2291 ne
755 2223 935 2295 Simulacra

234 2306 283 2378 int
301 2308 441 2380 ullarum
458 2333 575 2380 rerum
598 2311 746 2402 coujettn
767 2312 907 2382 moveri.

234 2397 455 2486 padratasque
468 2400 582 2486 procul
600 2401 719 2471 turreis
738 2426 815 2472 curn
838 2400 1003 2474 cernimus
1018 2402 1138 2491 urbis:

234 2504 331 2557 »terea
351 2485 391 2559 fit
405 2489 457 2557 uti
478 2488 652 2559 videantur
672 2488 754 2576 soepe
774 2491 947 2577 rotundae,
1234 2510 1300 2583 355

234 2577 311 2645 ulus
335 2574 473 2648 obtusus
494 2578 571 2664 quia
590 2578 687 2666 longe
706 2582 849 2651 cernitur
870 2581 1003 2665 omnis,

252 2666 353 2735 etiarn
379 2667 487 2753 potius
509 2692 581 2740 non
602 2668 769 2749 cernitur3
794 2694 832 2740 ac
853 2670 937 2758 perit
958 2669 1029 2759 eius

1200 2776 1299 2870 Plaga

235 2964 409 3035 perquer.)
454 2964 571 3029 leterici,
599 2982 709 3034 qnorum
743 2966 869 3034 cipiendis
879 2966 988 3035 incapax
1000 2967 1098 3022 evadat.

248 3038 275 3089 u
295 3035 365 3089 oculi
381 3036 469 3089 virent
485 3034 554 3103 quasi
566 3036 593 3088 in
608 3035 688 3103 Arqui
698 3073 706 3098 ‚
779 3050 838 3101 340.
859 3036 919 3088 Ater
930 3037 1009 3095 init.)
1030 3035 1091 3090 Sive
1101 3035 1171 3098 Inte,
1196 3038 1222 3091 δι
1239 3038 1299 3105 Pos-

252 3103 336 3158 Poeta
352 3104 416 3157 Irim
433 3111 544 3168 vocant,
563 3102 708 3159 similitudi·
732 3103 811 3171 fidit,
832 3106 858 3159 dt
870 3120 896 3158 v.
917 3110 975 3170 346.
999 3105 1135 3172 orfitum,
1156 3112 1186 3159 ut
1198 3106 1300 3171 utfiuit-

255 3172 405 3236 Lucretius,
424 3172 470 3226 lib.
483 3172 527 3225 Vl.
743 3175 864 3239 puevins,
884 3190 910 3226 v.
923 3186 979 3239 352.
1002 3172 1171 3239 perindeest:
1191 3176 1298 3227 omnino

235 3243 276 3294 'um
286 3245 350 3293 color
366 3246 393 3295 in
404 3244 480 3309 nigris
496 3241 594 3294 exeatur
609 3241 709 3294 nubibus
742 3249 830 3296 autem
840 3240 1075 3309 legendumne,
1097 3241 1247 3305 nonttuce,
1267 3258 1294 3297 v.

256 3308 339 3378 Atqui
745 3325 802 3375 349.
825 3313 887 3365 &u
902 3323 959 3375 353.
993 3307 1119 3372 eonjeua,
1140 3326 1194 3362 non
1218 3313 1299 3363 Conte-

235 3379 320 3432 onias.
743 3380 800 3441 uu,
819 3387 850 3433 ut
858 3375 998 3431 Lambinus
1007 3378 1155 3442 contemsit,
1176 3380 1298 3446 quoniam

235 3458 250 3503 t.
273 3448 301 3500 E
315 3448 415 3506 tenebris
426 3445 536 3509 autem.)
558 3445 658 3499 Deinde
676 3463 708 3500 ex
744 3449 931 3515 noncupata,
951 3447 978 3499 in
993 3464 1019 3500 v.
1032 3459 1088 3512 347.
1103 3446 1208 3515 legitur.

235 3517 269 3568 tis
278 3532 308 3569 ea
317 3517 440 3570 videntur
450 3532 504 3583 quae
521 3512 580 3569 sunt
595 3516 622 3567 in
632 3515 707 3577 luce,
780 3523 838 3583 354.v
859 3515 1212 3585 Quutratnsqueprond,&c.)
1224 3517 1299 3571 Tur·

237 3591 289 3639 tent
305 3586 334 3637 in
344 3584 403 3639 luce
416 3602 472 3653 quae
484 3586 511 3637 in
532 3584 660 3638 tenebris:
681 3583 709 3636 Id
745 3602 785 3640 res
797 3586 923 3653 quadratae
932 3584 1006 3638 nobis
1014 3584 1104 3652 procul
1114 3582 1297 3653 aspicientibus

235 3652 314 3718 efit,
342 3670 369 3706 v.
382 3661 423 3707 16.
452 3661 556 3720 propter
571 3650 710 3719 protrufio-
744 3662 868 3721 apparent
880 3652 1025 3716 Rotundae‚
1045 3655 1125 3721 quia,
1146 3655 1199 3709 viz.
1213 3674 1238 3709 v.
1256 3673 1295 3710 11.

235 3720 327 3775 diversi
340 3722 431 3787 Aeris,
452 3739 511 3775 nam
529 3719 589 3775 cinn
607 3720 708 3774 lucidus
745 3722 841 3776 Turris
849 3724 976 3790 qnadratae
988 3723 1072 3790 imago
1088 3724 1148 3777 dum
1159 3725 1249 3790 procul
1264 3726 1298 3777 ad

235 3787 519 3859 tnebrosumsequitur‚
539 3799 633 3858 purgat
642 3806 709 3842 rnen·
744 3808 791 3845 nos
801 3808 847 3859 per
858 3791 925 3845 Atta
936 3791 1057 3856 advolat,
1077 3788 1166 3859 sapius
1185 3795 1298 3860 percuti·

235 3858 300 3921 mli,
321 3861 358 3914 ita
366 3869 396 3915 ut
404 3876 491 3914 rerum
501 3858 663 3913 simulachra
671 3858 712 3909 in·
744 3868 787 3914 tur
799 3861 865 3914 A'ere
876 3857 1045 3923 occursante,
1065 3876 1115 3927 quo
1126 3859 1156 3915 fit
1168 3870 1198 3915 ut
1208 3862 1297 3930 anguli

236 3926 346 3995 possint,
366 3929 418 3982 Ae'r
426 3929 495 3982 enim
506 3929 607 3982 lucidus
622 3927 658 3981 est
673 3934 711 3980 te·
743 3928 817 3983 illius
833 3932 983 3984 deterantur
1000 3927 1088 3983 saltem
1106 3930 1143 3982 ita
1153 3930 1297 3986 obtundan-

241 4034 250 4059 ‚
270 3997 390 4051 mobilior
401 3994 503 4052 saltem.
527 3999 553 4051 ἃ
570 3997 661 4061 majori
682 3997 710 4049 vi
743 4005 804 4060 tur,
824 3996 921 4053 utrum
931 3999 961 4051 ad
971 4015 1017 4050 nos
1032 3998 1152 4064 pervenit
1162 3998 1230 4067 qnasi
1244 4008 1298 4054 tor·

236 4081 279 4124 rst
300 4064 437 4121 cumverd
448 4062 597 4120 tenebrosus
609 4067 659 4118 Aer
669 4064 710 4120 lu·
743 4074 820 4131 nata,
845 4068 871 4121 δι
881 4068 991 4121 rotunda
1001 4063 1047 4121 sub
1058 4065 1141 4119 forma
1150 4066 1213 4123 serit
1230 4070 1297 4123 Ocu·

236 4131 435 4202 :subsequatun
456 4144 513 4188 tum
520 4143 620 4188 meatus
632 4134 708 4189 Oculi
743 4134 782 4189 los
800 4135 917 4199 nostros,
938 4136 999 4190 licet
1019 4135 1065 4189 ista
1083 4138 1228 4191 rotunditas
1244 4155 1297 4191 nnn

236 4220 250 4257 o
265 4204 343 4258 inerti
362 4204 428 4258 Aere
444 4212 480 4258 rta
496 4203 659 4270 implentur,
678 4212 709 4258 ut
743 4202 847 4259 fitadeo
865 4204 982 4258 distincta
1000 4221 1028 4257 ac
1046 4201 1065 4256 ii
1078 4203 1174 4258 Turris
1189 4204 1241 4273 ipsa
1257 4222 1297 4259 ro·

236 4272 354 4331 ,rentibus
371 4288 460 4331 tetum
477 4272 646 4331 simulachris
665 4289 711 4329 ex·
744 4274 825 4330 tundo
837 4272 924 4341 foret,
945 4276 971 4329 ἃ
984 4271 1101 4328 comode
1112 4270 1276 4342 spectaretur.
