3150 4967
500 454 683 539 LIBER
722 431 999 536 rennui.
1252 463 1328 546 ,ιιι

236 651 255 697 c
278 622 392 698 minis
414 622 474 698 Ille
494 623 552 695 diu
575 624 640 711 jam
659 647 729 695 non
750 623 833 709 erit,
862 646 903 694 ex
926 619 1088 693 hodierno
1241 634 1329 705 1105

235 717 330 797 mine
349 714 407 805 qui
424 712 527 785 finem
550 714 633 785 vitai
652 711 749 792 fecit,
775 716 808 784 de
827 713 881 783 ille
1314 716 1319 724 '

235 802 365 875 :nfibus'
378 821 477 891 atque
496 803 593 875 annis
611 804 669 892 qui
689 802 803 873 multis
822 800 942 873 occidit
961 797 1047 870 ante.

235 1095 1321 1166 m

235 1285 372 1407 Ὓὺιιι
385 1288 416 1343 de
424 1287 547 1351 Materia,
562 1290 669 1357 ejusque
680 1305 733 1341 mo-
768 1286 846 1350 buit,
866 1285 893 1339 id
906 1294 1028 1355 tauquam
1045 1291 1145 1339 certum
1161 1282 1208 1339 fibi
1225 1282 1320 1346 sumit3

344 1355 435 1420 tibus,
478 1355 584 1409 limodo
599 1358 732 1424 opiniones
768 1355 940 1409 Pertinaciter
958 1356 1027 1407 enim
1049 1349 1206 1407 affirmamus
1227 1354 1321 1408 Conta-

344 1441 399 1493 quae
428 1424 621 1479 Providentiam
650 1427 734 1492 impu·
768 1424 838 1477 diurn
857 1421 925 1491 poffe
942 1421 991 1477 eise
1006 1420 1059 1475 fine
1082 1422 1203 1489 Corpore.

343 1501 425 1561 guent
441 1492 587 1574 precipias)
622 1490 734 1560 disputet
802 1491 871 1545 Dum
886 1491 949 1546 verb
967 1492 1085 1545 Animam
1105 1492 1258 1558 corpoream
1270 1489 1320 1545 eise

343 1562 500 1626 Lucretius,
538 1564 595 1629 quis
620 1560 734 1615 Philolo-
767 1562 882 1614 nondum
903 1561 1067 1627 probaverit,
1097 1559 1159 1627 qnid
1188 1560 1220 1613 de
1243 1558 1318 1614 illius

302 1627 306 1638 ’
342 1630 454 1698 phorum
467 1629 620 1698 prudentius
638 1640 683 1685 aut
695 1631 731 1684 rei
766 1627 908 1683 subtilitate
924 1627 1004 1697 usque
1028 1630 1060 1681 ad
1078 1645 1104 1681 v.
1125 1641 1184 1695 231.
1204 1628 1319 1695 inquire-

344 1697 391 1766 ipli
414 1698 657 1757 accommodatius?
693 1699 732 1752 De
766 1698 846 1751 mus?
877 1698 1021 1751 Fatendum
1037 1708 1122 1750 tamen
1141 1696 1245 1750 Poe'tam
1263 1698 1319 1750 evi-

235 1782 276 1832 ιε,
295 1765 360 1828 verb
376 1765 391 1819 d
408 1765 489 1821 Sensu
508 1769 630 1830 remotis,
651 1768 681 1835 de
698 1767 732 1820 A.
766 1767 856 1819 denter
881 1763 1057 1819 demonstrande
1082 1765 1178 1818 animae
1205 1766 1319 1833 particu-

235 1851 265 1898 ι,
287 1833 393 1904 ejusque
410 1834 578 1890 facultatibus
595 1834 731 1890 differente
766 1835 804 1889 las
823 1832 864 1902 (si
883 1834 957 1887 modb
975 1834 1102 1900 Corporea
1114 1832 1206 1908 foret)
1225 1833 1318 1889 debere

235 1919 255 1955 ,ο
280 1904 372 1956 vanior
389 1912 434 1959 aut
452 1905 585 1971 ineptior:
622 1905 730 1969 Qualem
765 1902 815 1957 ell'e
841 1900 946 1957 subtiles
975 1905 1001 1956 de
1027 1901 1177 1955 volubiles:
1214 1901 1269 1955 Nec
1285 1903 1317 1957 de

234 1990 240 2021 ι
254 1968 303 2024 fibi
322 1963 441 2025 animam
457 1971 576 2040 effingit?
616 1972 659 2026 En
677 1971 730 2041 ipsa
766 1970 954 2038 Compofitione
967 1971 1063 2024 animae
1079 1970 1161 2038 usque
1171 1971 1202 2023 ad
1212 1987 1239 2024 v.
1253 1984 1312 2037 323.

234 2039 264 2099 ta
303 2039 447 2109 Substantia
473 2041 600 2108 corporea
622 2042 727 2105 tenuis,
764 2039 915 2108 litigemus,
936 2056 994 2092 nam
1015 2056 1048 2093 ex
1066 2039 1155 2104 neris,
1177 2052 1266 2103 durae,
1287 2041 1316 2095 δε

234 2105 315 2230 llll}
332 2106 540 2233 idffllnd
569 2109 728 2232 till?
763 2108 1038 2243 ldtltaiilillt
1058 2105 1316 2245 ,intinniit

248 2246 286 2298 ita
303 2261 349 2312 per
367 2216 569 2314 totum'Corp’us
585 2245 637 2302 fitae
650 2216 725 2311 lunt:
762 2246 829 2299 aliis
846 2247 958 2299 materiae
979 2237 1132 2313 particulis:
1153 2243 1228 2310 Quod
1239 2245 1312 2310 verb,

235 2314 307 2366 arvis
318 2315 464 2368 intervallis
476 2313 526 2369 sint
542 2314 557 2368 d
574 2313 598 2370 se
614 2317 727 2370 invicem
761 2331 788 2367 v.
804 2324 862 2373 280·
894 2316 977 2369 tribus
992 2315 1075 2370 ¹hisee
1092 2312 1168 2367 rebus
1192 2322 1314 2381 quartum

234 2380 329 2434 andin:
350 2382 397 2435 His
411 2383 495 2437 tribus
515 2384 590 2437 addas
625 2384 727 2440 uartu'm
762 2382 865 2449 aliquod
875 2383 1065 2436 innominatum
1073 2383 1165 2446 addat,
1184 2383 1241 2436 idco
1253 2399 1313 2435 con·

234 2451 267 2502 io
286 2451 349 2517 quid
365 2452 553 2507 innominatum
569 2469 600 2520 pe
626 2453 725 2515 ubtile,
760 2450 851 2505 fitetur
867 2451 969 2504 nullum
988 2467 1068 2518 genus
1087 2450 1207 2517 Corporis
1227 2452 1312 2503 conci-

234 2515 333 2571 iaximi
350 2520 462 2584 mobile,
494 2523 561 2587 quod
579 2522 606 2573 in
626 2521 728 2587 pettore
778 2520 805 2583 i,
825 2528 869 2573 aut
886 2520 1026 2586 excogitari
1034 2516 1116 2586 poss'e,
1142 2518 1209 2587 quod
1225 2516 1312 2572 sensus

234 2604 251 2639 n
274 2585 307 2639 {it
320 2585 406 2641 sensus
424 2590 596 2657 principium,
618 2592 643 2642 de
660 2588 727 2640 Ima-
760 2535 790 2642 Et
802 2588 966 2656 principium.
1169 2625 1176 2633 -

234 2656 290 2707 sab
302 2656 422 2709 omnibus
437 2658 512 2712 rebus
525 2658 659 2711 venientes
669 2673 726 2723 per·
793 2656 935 2710 Prudenter
953 2664 1037 2709 antem
1062 2654 1149 2709 tenuis
1169 2654 1255 2708 animi
1272 2651 1311 2709 sa.

234 2731 267 2783 rt,
291 2726 317 2776 ἃ
336 2731 392 2775 tum
408 2723 519 2791 perfetta
533 2723 726 2779 &confirmma-
758 2724 840 2777 lutem
861 2722 936 2779 denso
960 2724 1096 2792 validoque
1118 2723 1224 2792 Corpori
1241 2733 1311 2777 com-

234 2792 266 2846 rit
278 2792 385 2861 Epimari
400 2795 498 2855 Anima.
519 2794 647 2857 Breviter,
659 2794 724 2846 Con·
757 2793 860 2848 mendat
877 2791 955 2860 usque
973 2794 1004 2845 ad
1018 2809 1043 2845 v.
1058 2805 1115 2858 350.
1137 2792 1308 2859 &usquead

244 2875 375 2914 Araricum
392 2862 418 2914 in
439 2863 553 2931 pyxide,
583 2879 628 2930 per
644 2870 723 2915 totam
756 2877 781 2913 v.
797 2874 854 2927 370.
876 2862 983 2929 Corpori
998 2861 1075 2915 etiarn
1091 2858 1241 2914 facultatem
1252 2858 1309 2914 sen·

234 2945 244 2980 s
260 2930 367 2997 pyxidis
382 2932 519 2987 cavitatem
537 2930 615 2986 telam
633 2938 721 2995 texat,
755 2931 837 2983 tiendi
851 2929 976 2996 largitur:
998 2930 1066 2993 Quid
1080 2937 1166 2982 autem
1180 2927 1307 2983 stultius?

234 2998 335 3064 iamque
351 2995 403 3065 ipse
415 2999 529 3053 incolat:
549 2999 670 3054 advolent
680 3000 722 3053 de·
772 3000 817 3051 uid
845 2996 861 3050 ἐι
888 2999 1018 3051 communi
1049 2994 1121 3051 sensu
1158 2998 1307 3051 remotius?

246 3062 362 3129 Mune,
396 3069 422 3121 dr
441 3066 485 3121 fila
503 3076 639 3131 moveant,
672 3085 722 3136 qno
754 3014 823 3132 buin
853 3068 962 3135 denique
991 3064 1069 3133 ipsius
1096 3063 1201 3119 Placitis
1219 3064 1306 3118 mindt

234 3135 393 3198 rexcitatps
406 3150 521 3192 araneus
532 3135 722 3203 filamentatra-
753 3138 992 3189 accommodatum?
1024 3134 1098 3187 Unde
1119 3135 1188 3187 enim
1205 3133 1305 3200 Corpus

234 3238 240 3267 ,
264 3200 369 3270 Muscas
387 3205 505 3268 irretiat,
533 3208 560 3260 de
579 3214 663 3272 captas
680 3206 722 3258 de·
753 3201 783 3257 nt
800 3201 885 3257 sensus
903 3204 1030 3271 particeps
1051 3218 1093 3255 cur
1117 3201 1184 3254 nihil
1210 3209 1306 3268 quartae

235 3278 262 3323 t:
293 3270 354 3325 Hac
373 3274 518 3341 concipe&
535 3273 638 3327 habebis
655 3275 722 3326 lma·
753 3272 825 3325 iltius
852 3272 1017 3325 innominatae
1053 3271 1090 3323 rei
1125 3265 1305 3322 immiscetur?

233 3355 258 3390 m
273 3337 412 3405 Epicureae
428 3342 524 3400 Animae
544 3344 668 3409 captantis
686 3344 721 3399 ei.
753 3342 851 3394 Deinde
872 3342 902 3393 ad
928 3356 953 3393 v.
973 3345 1030 3404 396.
1061 3345 1150 3392 eontra
1173 3337 1306 3390 Democri·

233 3433 258 3472 a,
272 3423 330 3528 fluo
347 3409 419 3462 nulla
436 3426 549 3479 unquam
560 3409 640 3464 fucrit
654 3409 722 3463 fimi·
752 3416 808 3462 tum
825 3408 937 3463 feliciter
960 3404 1092 3473 disputet,
1113 3423 1160 3460 nee
1176 3421 1303 3474 repugno,

300 3492 334 3529 nc
350 3477 413 3533 verb
432 3479 508 3546 digna
527 3476 586 3531 lunt
607 3477 722 3548 Philoso
751 3495 803 3530 non
822 3479 891 3530 enim
909 3477 1011 3544 inquiro
1030 3484 1089 3530 utra
1109 3475 1243 3529 Sententia
1252 3475 1305 3541 'po-

241 3550 402 3601 commenta!
751 3548 802 3599 tior
821 3544 871 3608 srt,
901 3547 962 3598 dum
989 3553 1096 3613 utraque
1118 3544 1153 3597 cst
1173 3541 1298 3597 absurda:

233 3612 323 3666 rimam
338 3631 390 3667 non
404 3611 453 3669 else
475 3614 595 3683 Corporis
610 3614 720 3669 Harmo-
751 3615 785 3668 Et
801 3622 832 3668 ut
847 3613 921 3666 modb
943 3614 1065 3667 Animum
1078 3614 1185 3681 Corpori
1202 3610 1304 3666 conser-

233 3701 257 3744 ι,
278 3679 332 3736 dv.
351 3696 394 3748 94.
414 3685 444 3736 ad
462 3700 489 3737 v.
512 3690 568 3749 136.
586 3681 645 3737 latls
662 3701 720 3751 pro-
751 3684 863 3736 vandum
881 3683 1004 3745 credidit,
1025 3680 1059 3735 fic
1082 3683 1113 3734 ad
1133 3698 1158 3735 v.
1169 3695 1229 3747 417.
1240 3682 1303 3734 Cor-

233 3766 265 3802 m.
302 3749 366 3805 Inde
384 3749 509 3821 usquead
535 3769 561 3805 v.
584 3758 641 3805 162.
663 3751 719 3805 fru-
749 3752 820 3819 poris
842 3751 979 3804 custodiam
999 3749 1107 3803 viciffim
1123 3750 1217 3803 Animo
1232 3766 1302 3802 com-

236 3817 374 3882 animum,
412 3820 570 3884 Dominum,
590 3822 643 3874 viz.
669 3821 718 3874 vili
749 3821 869 3875 mendet:
889 3819 963 3873 Illam
982 3820 1090 3873 tutelam
1105 3836 1157 3871 non
1178 3818 1300 3874 invidcot

233 3906 238 3935 ι
266 3888 361 3941 dnimae
385 3891 542 3957 coniungit:
568 3890 716 3943 vehementi
749 3889 909 3957 Argumenta
934 3888 995 3941 verb
1023 3889 1116 3956 quibus
1135 3883 1217 3953 ipsum
1237 3886 1301 3940 Ani·

233 3974 235 4005 1
263 3955 380 4010 eoncull'o
400 3960 507 4022 naimo,
539 3956 638 4013 laborat
655 3960 716 4012 nni·
749 3974 821 4011 mum
835 3966 982 4025 expugnat,
1003 3954 1198 4009 confideremus.

253 4021 352 4088 fateor,
372 4023 406 4080 fle
429 4033 557 4081 tremente
574 4027 716 4081 Citharaedo
785 4026 917 4086 Primum,
939 4024 990 4077 iv.
1001 4040 1059 4090 425.
1077 4026 1108 4077 ad
1126 4040 1152 4076 v.
1163 4037 1223 4088 445.
1246 4022 1300 4079 Τι-

234 4108 263 4144 os
275 4090 347 4146 sonos
367 4094 471 4162 Cithara
488 4112 539 4148 non
557 4097 648 4149 reddit.
670 4095 717 4148 Pa·
751 4111 830 4148 nuem
841 4097 866 4148 do
885 4092 1004 4147 subtilem
1017 4093 1169 4160 Corpoream
1180 4091 1301 4147 Substan-

233 4158 313 4214 ccelsu
330 4179 361 4215 us
379 4179 411 4217 uc
427 4163 494 4217 adv.
511 4178 566 4229 177.
596 4165 716 4218 animum
751 4164 834 4225 tiam,
854 4162 955 4231 qualem
966 4161 1089 4216 Animum
1102 4159 1222 4228 supponit
1237 4160 1296 4224 elle,

233 4245 314 4282 rreum
350 4248 399 4285 ee
433 4234 552 4287 evincere
587 4241 734 4339 conatum!
751 4230 868 4287 distrahit
885 4234 911 4286 de
931 4230 1070 4299 dispergit:
1108 4229 1191 4297 Atque
1209 4230 1235 4281 id
1252 4228 1299 4283 fiat

245 4298 315 4353 enim
331 4302 491 4370 argumentis
506 4298 660 4356 confirmare
671 4301 715 4355 de·
747 4317 795 4369 per
813 4316 855 4355 rne
872 4298 958 4434 licfit}
970 4301 1113 4367 corporeus
1127 4295 1160 4352 fit
1176 4297 1299 4418 linimus&
