3150 4967
276 377 350 454 354
651 355 697 434 T.
733 313 1041 436 LUCRETII

274 521 450 612 Exspirent
468 522 561 612 ignes
575 521 744 596 interdurn
765 521 900 595 turbine
924 539 1033 609 tanto,
1342 529 1416 620 6402}

274 615 481 702 Expediam:
508 639 614 702 neque
634 615 724 684 enim
754 613 862 683 media
879 612 921 683 de
940 613 1030 684 clade
1048 625 1161 683 coorta
1376 625 1416 643 '*

274 705 434 776 Flammae
462 703 637 806 tempestas
661 703 807 776 Siculum
828 703 998 773 dominata
1020 725 1078 790 per
1098 723 1196 790 agros

273 793 442 865 Finitimis
463 793 506 864 ad
527 795 558 864 le
583 793 747 863 convertit
771 791 928 878 gentibus
946 815 1016 876 ora,

274 883 418 956 Fumida
444 885 521 954 crim
542 884 615 954 coeli
637 880 808 953 scintillare
829 883 943 952 omnia
969 881 1092 968 templa

274 975 459 1044 Cernentes
478 973 596 1060 pavida
621 970 832 1059 complebant
855 975 988 1058 pedlora
1006 995 1098 1057 cura,

275 1062 370 1151 Qaid
393 1065 565 1133 moliretur
592 1085 704 1136 rerum
723 1062 854 1133 Natura
873 1083 1049 1132 novarum.

321 1147 419 1226 Hisce
445 1151 507 1223 tibi
525 1149 625 1221 rebus
649 1151 711 1221 late
731 1151 791 1235 'st,
816 1151 944 1236 alteque
967 1148 1164 1237 videndum,

274 1243 319 1313 Et
340 1243 438 1328 longe
459 1243 593 1312 cunctas
615 1241 649 1310 in
671 1243 790 1326 parteis
815 1239 1063 1326 dispiciendum,

276 1333 326 1404 Ut
344 1327 587 1415 reminiscaris,
615 1333 786 1402 Summam
810 1351 919 1399 return
942 1327 1001 1399 effe
1021 1325 1235 1416 profundam,

274 1421 319 1493 Et
346 1419 459 1491 videas
473 1469 484 1506 ,
511 1420 633 1490 coelum
656 1422 807 1491 Sunnnai
834 1419 938 1488 totius
964 1442 1071 1489 unum

276 1512 389 1596 Qaam
413 1506 451 1580 sit
475 1510 612 1597 parvula
629 1533 726 1597 pars,
754 1511 784 1578 dc
809 1512 908 1594 quam
931 1507 1116 1579 multesima
1132 1504 1281 1580 constett

274 1601 320 1672 Et
344 1617 444 1685 quota
468 1623 542 1687 pars
558 1600 675 1671 Homo
693 1600 813 1668 'ferrar
833 1595 872 1668 lit
888 1601 992 1668 totius
1011 1622 1111 1670 unus.

277 1690 382 1777 and
411 1689 495 1760 bene
516 1685 720 1776 propositum
744 1685 767 1758 ri
798 1685 893 1773 plane
910 1707 1100 1773 contueare,

277 1782 326 1852 Ac
350 1779 462 1850 videas
488 1779 612 1867 planes
636 1779 747 1848 mirari
771 1779 874 1847 multa
894 1776 1068 1864 relinquas.
1410 1823 1416 1859 ·.

324 1870 420 1939 Num
445 1871 519 1955 quis
537 1868 628 1939 enim
649 1865 803 1937 nostrum
825 1866 987 1951 miratur,
1012 1865 1111 1953 fiquis
1128 1866 1166 1937 in
1184 1881 1278 1938 artus
1345 1867 1378 1950 61

278 1957 416 2043 Accepit
437 1959 546 2028 calido
563 1956 699 2028 Febrim
713 1953 846 2026 fervore
868 1976 1027 2041 coortam,
1410 1973 1416 1978 '

278 2047 347 2117 Aut
367 2047 469 2115 alium
491 2047 644 2133 quemvis
663 2044 779 2118 Morbi
801 2069 858 2132 per
880 2045 1029 2116 membra
1050 2043 1228 2118 dolorem?

280 2132 497 2222 Obturfflscit
521 2137 611 2206 enim
629 2131 738 2206 subito
765 2137 847 2219 Pes,
872 2137 987 2222 arripit
1009 2159 1083 2207 acer

281 2226 373 2312 Saepe
393 2225 488 2295 dolor
508 2225 676 2311 Dentes,
703 2227 816 2310 oculos
835 2225 962 2296 invadit
980 2226 1016 2296 in
1035 2222 1145 2312 ipsust

279 2314 401 2387 Existit
420 2314 506 2386 sacer
524 2315 635 2403 Ignis,
664 2317 695 2385 ἃ
719 2315 788 2384 urit
808 2337 945 2401 corpore
962 2310 1093 2400 serpens

281 2408 526 2493 Quamcunque
547 2404 684 2490 arripuit
706 2421 855 2490 partem,
884 2404 1036 2490 repitque
1056 2427 1114 2491 per
1134 2417 1238 2476 artus.

278 2495 482 2582 Nimirum,
517 2497 595 2584 quia
614 2492 692 2566 sunt
712 2494 897 2566 multarum
915 2494 1046 2568 Semina
1065 2516 1198 2567 rerum:

1287 2596 1378 2676 Etsa‘
1411 2651 1416 2664 ·

1403 749 1416 788 ql'

279 2889 409 2945 vulsiones
438 2892 517 2956 hujus
544 2893 659 2957 Mundi,
696 2894 781 2963 Atque
799 2903 830 2949 ut
867 2891 1009 2959 putandum
1025 2889 1060 2946 est
1071 2890 1140 2946 Deos
1154 2897 1254 2945 tantam
1263 2887 1381 2966 virnin⁴

279 2960 435 3015 Morborum
448 2958 544 3014 semina
557 2964 584 3015 in
596 2961 735 3017 Hominem
747 2963 829 3030 (Nam
867 2962 903 3012 dii
928 2962 956 3013 in
978 2959 1092 3014 insulam
1117 2958 1263 3028 importatae
1310 2961 1331 3014 E

278 3027 342 3098 saepe
356 3029 503 3094 febricitat,
524 3032 594 3086 dolet
609 3034 714 3091 dentes,
754 3030 829 3099 dec.)
867 3030 969 3097 quidem
988 3030 1153 3095 conjectura,
1179 3029 1272 3098 Neque
1288 3029 1346 3083 istos
1410 3071 1416 3099 ,-

280 3116 313 3153 tx
331 3099 379 3152 hoc
399 3101 522 3163 Mundo,
543 3102 578 3153 ita
603 3118 636 3153 ex
655 3099 782 3153 Universa
801 3102 830 3154 in
867 3114 927 3162 ror,
949 3101 993 3166 qui
1007 3099 1099 3166 legunt
1109 3098 1238 3151 Mediocri.

279 3169 351 3221 hunc
387 3168 518 3222 Mundum
541 3170 667 3230 ¹derivari
701 3167 826 3235 poliunt:
902 3168 1065 3235 651.Qudm
1081 3165 1250 3234 Multestma.)
1272 3164 1416 3235 Quimm

278 3236 346 3289 Nam
369 3236 388 3289 si
409 3240 626 3304 comparationem
643 3238 777 3300 instituas,
801 3247 831 3292 ut
868 3253 920 3300 va,
940 3234 959 3288 sr
978 3253 1036 3289 cnm
1047 3243 1102 3289 toto
1118 3242 1304 3302 comparetur,
1322 3233 1416 3308 Mrbq

278 3304 366 3357 Homo
382 3308 413 3357 ad
439 3306 590 3372 Mundum,
610 3307 647 3360 ita
662 3307 781 3360 Mundus
800 3309 831 3360 ad
858 3304 1093 3374 stmaparsestea.
1112 3291 1416 3371 enimultaedebenttssg

279 3372 446 3427 Universum.
869 3389 942 3442 pares
962 3381 1007 3428 aut
1025 3371 1138 3434 ssmiles,
1165 3374 1195 3425 ad
1213 3372 1338 3426 constitue

257 3501 260 3507 ¹
315 3448 376 3505 641.
397 3443 486 3495 Media
512 3443 540 3495 cle
570 3440 668 3511 clade.)
705 3441 833 3509 Gronqvii
869 3443 987 3497 Totum:
1032 3442 1145 3504 „amb
1167 3452 1261 3521 pig&
1290 3437 1416 3516 appelgffl2

282 3507 370 3561 Codex
384 3512 473 3562 Malia
496 3512 591 3563 Gracia
605 3513 741 3563 decomtm
777 3512 834 3566 Sal·
870 3513 969 3564 Graeci:
990 3510 1132 3563 Lambinus.
1412 3557 1416 3567 .

281 3576 394 3639 meiius,
415 3579 503 3631 Media
525 3580 773 3642 includerem,
805 3582 832 3633 iu
903 3585 962 3634 660.
982 3580 1054 3632 Sacer
1073 3580 1151 3644 Igrui.
1168 3577 1181 3643 J
1200 3576 1311 3642 Celsus,
1329 3563 1416 3649 liti-,¹

282 3646 334 3705 est,
356 3663 387 3698 ex
399 3647 578 3700 mediarerum
589 3663 697 3711 natura,
716 3666 747 3701 ex
758 3648 833 3703 Sum·
870 3665 923 3716 cap.
937 3658 976 3705 28.
1001 3648 1071 3714 Ignis
1078 3649 1149 3711 socer
1166 3651 1237 3700 malie
1253 3649 1413 3717 manaem,

280 3730 441 3768 marerum:
475 3716 525 3766 Sed
543 3716 605 3767 olim
627 3718 716 3770 monui
740 3720 835 3769 Salma·
870 3719 1072 3768 mnmrnridebet.
1112 3716 1182 3769 Huic
1200 3718 1277 3770 addas
1300 3711 1395 3770 Paulli·

271 3784 340 3850 stum
368 3782 437 3835 haud
461 3781 572 3836 feliciter
591 3786 755 3852 interpretari
782 3785 834 3839 Lu·
871 3787 1035 3853 AEgiuetam.
1057 3784 1102 3838 lib.
1115 3784 1161 3837 lv.
1178 3802 1234 3851 cap.
1248 3801 1290 3838 20.
1328 3783 1416 3852 Quam:

281 3852 402 3905 cretiana.
438 3851 516 3902 Hiber
532 3855 652 3916 tandem,
676 3856 726 3906 Dia
744 3857 772 3905 dr
785 3858 832 3907 ela·
872 3853 891 3906 {i
907 3863 1000 3916 vacet,
1020 3852 1094 3921 lege:
1116 3854 1184 3906 Nam
1194 3854 1222 3905 in
1234 3853 1288 3907 illis
1300 3845 1416 3920 malac,

282 3923 326 3971 de:
348 3919 543 3994 DiaTrmpeJias
559 3921 594 3972 est
609 3921 773 3988 nimam»
790 3920 834 3976 seu
871 3924 946 3975 Sacro
978 3922 1050 3989 Igne.
1100 3921 1243 3991 Virgilius,
1281 3923 1394 3988 curua

282 3988 426 4054 offiium,
461 3987 531 4054 quala
560 3990 655 4042 diceret
685 3992 835 4052 Lareeetiuea
869 3989 934 4045 vers.
950 3998 1008 4056 566.
1380 3989 1413 4060 ,lg

283 4058 510 4119 Quaramusnnnc
522 4057 583 4123 quid
594 4056 727 4129 causant,
746 4076 833 4125 qnam·
905 4087 980 4101 --
1006 4058 1126 4114 Comedus
1158 4069 1228 4114 artur
1253 4055 1322 4115 facet
1345 4055 1416 4126 ΙΨ]

282 4124 370 4179 obrem
385 4125 447 4177 olim
467 4126 627 4178 flammarum
651 4125 784 4193 tempestas
796 4137 835 4180 tu-
969 4129 1058 4181 edebat.

275 4202 330 4250 tam
352 4194 471 4253 Siciliam
482 4194 658 4268 pervastatit,
675 4197 843 4265 nequeenim
1409 4229 1416 4280 q

226 4381 380 4507 Ἰ
1401 4290 1416 4362 l

1408 3949 1413 3968 ί

1408 3972 1416 3990 ¹«
