3150 4967
247 516 324 587 290
621 487 665 570 T.
693 485 995 571 LU-CRETII

247 654 418 748 Dispersos
441 657 545 746 igneis
573 658 690 728 orienti
709 657 836 728 lumine
856 658 965 728 cerni:

248 751 330 824 Inde
353 751 440 820 coire
459 748 595 838 globum
613 743 703 835 quali
721 747 758 819 in
780 771 909 833 unum,
935 749 969 817 &
992 741 1156 816 conficere
1173 743 1304 819 orbem.

293 840 368 910 Nec
384 861 495 909 tamen
515 836 595 908 illud
613 839 648 908 in
668 834 721 908 his
741 837 841 908 rebus
862 834 1011 906 mirabile
1030 834 1128 906 debet

248 926 339 1013 Effe,
366 928 457 1015 quod
476 925 546 997 haec
570 927 660 1014 Ignis
683 943 751 997 tam
772 942 861 997 certo
884 944 1032 1012 tempore
1050 921 1173 1011 poffint

249 1018 382 1091 Semina
402 1015 585 1101 confluere,
612 1020 643 1086 &
663 1015 747 1088 Solis
767 1038 914 1102 reparare
935 1015 1087 1083 nitorem.

248 1108 361 1181 Multa
380 1108 532 1177 videmus
553 1104 662 1190 enim,
687 1123 777 1174 certo
795 1128 868 1192 quae
889 1120 1035 1190 tempore
1058 1099 1147 1174 fiunt

248 1195 421 1267 Omnibus
442 1197 477 1265 in
497 1194 615 1280 rebus,
640 1190 815 1265 florescunt
833 1210 980 1280 tempore
1001 1208 1090 1262 certo

248 1283 412 1369 Arbulla,
440 1287 471 1355 a
492 1302 581 1354 certo
594 1283 768 1355 dimittunt
789 1302 936 1369 tempore
952 1279 1077 1367 florem.

247 1376 323 1446 Nec
341 1373 452 1444 minus
472 1374 507 1443 in
529 1391 618 1443 certo
640 1372 766 1444 derneis
793 1372 906 1442 cadere
928 1371 1068 1457 imperat
1091 1384 1171 1441 aetas

248 1465 436 1551 Tempore,
462 1460 678 1549 &impubem
697 1461 788 1531 molli
808 1456 981 1547 pubescere
1001 1457 1089 1529 veste
1100 1509 1113 1545 ,

247 1553 292 1624 Et
312 1554 429 1640 pariter
451 1554 583 1622 mollem
606 1552 699 1622 mulis
722 1551 892 1621 demittere
911 1549 1059 1619 barbam.

248 1642 401 1720 Fulmina
425 1640 611 1727 postremo,
636 1641 729 1721 Nix,
754 1639 905 1723 Imbres,
930 1638 1080 1723 Nubila,
1103 1634 1235 1724 Venti,

247 1734 330 1812 Non
352 1732 452 1802 nimis
481 1732 614 1802 incertis
636 1727 724 1804 fiunt
744 1730 779 1798 in
797 1726 945 1887 fartibus
964 1727 1053 1797 anni.

248 1822 427 1906 ’Namque
447 1822 506 1891 ubi
523 1818 566 1891 s1c
585 1817 721 1891 fuerunt
737 1842 797 1888 cau
811 1840 905 1887 nrum
928 1816 1061 1887 exordia
1087 1814 1216 1903 prima,

248 1912 358 1996 Atque
378 1912 427 1980 uti
448 1935 499 1980 res
521 1909 639 1981 mundi
661 1908 804 1978 cecidere
823 1906 864 1976 ab
883 1907 1011 1993 origine
1029 1904 1157 1992 prima,

249 1996 356 2070 Conse
381 2023 422 2068 ua
440 1998 594 2069 natura'st
614 1999 680 2087 jam
699 2019 812 2068 rerum
830 2020 871 2065 ex
891 1996 1006 2065 ordine
1024 2011 1123 2064 certo.

294 2024 445 2159 ordene
465 2090 611 2176 itemque
627 2087 710 2159 Dies
730 2086 824 2174 licet,
850 2086 883 2157 ἃ
903 2081 1064 2158 tabescere
1083 2080 1250 2169 Nocteis,

281 2408 342 2468 670.
362 2400 627 2525 Dimittuntflmm.)
645 2402 676 2457 V.
685 2416 745 2470 757.
834 2397 969 2470 nostesque
980 2382 1048 2454 Anni
1065 2392 1173 2454 decursu
1191 2396 1226 2452 fio
1244 2389 1383 2454 increscere·

300 2472 344 2524 Sol
351 2472 459 2537 dimittit
469 2472 593 2538 languidus
617 2491 682 2539 gnos.
834 2473 859 2525 &
871 2468 1030 2532 decrescere,
1050 2476 1079 2523 ut
1088 2468 1249 2535 prolixitatis
1264 2464 1370 2521 acbteri·

281 2541 342 2605 67'2.
370 2540 470 2607 Velle.)
495 2539 637 2608 Virgilius,
656 2540 759 2596 AEneid.
772 2548 796 2598 t.
832 2540 893 2593 tatis
904 2540 1039 2605 utriusque
1048 2539 1118 2590 vices
1127 2535 1256 2604 exquisite
1266 2535 1370 2657 perilia-

301 2611 383 2661 Aurea
397 2609 504 2670 Caesarr'es
512 2610 570 2674 itu,
589 2620 660 2676 atque
669 2627 740 2662 aurea
750 2603 801 2662 Ve-
832 2618 900 2660 mern
920 2604 1042 2659 AEllatenr
1061 2622 1094 2658 ue
1113 2604 1297 2670 alternentur,
1348 2617 1369 2672 tt

348 2677 403 2728 stis,
832 2677 898 2728 mira
905 2673 1003 2742 semper
1013 2622 1066 2727 vid
1074 2673 1126 2733 est3
1145 2673 1175 2725 ld
1188 2672 1303 2738 verbfit,
1319 2688 1369 2742 que

248 2744 370 2805 Hoccst,
390 2743 489 2807 Barba,
509 2744 578 2797 unde
599 2742 713 2798 econtra
721 2745 798 2798 Inve-
832 2746 901 2797 niam
910 2743 1075 2796 circuitiones
1093 2739 1162 2795 Solis
1177 2739 1256 2809 supra
1270 2759 1300 2796 ae
1315 2739 1370 2795 inin

241 2812 291 2878 llos
301 2812 410 2864 dicimus
420 2813 549 2863 irnberber:
567 2811 642 2866 Unde
651 2812 699 2876 est,
832 2812 942 2865 Terram
961 2827 1031 2865 nunc
1046 2809 1172 2873 celeribs,
1193 2827 1266 2864 nunc
1285 2807 1370 2865 tardilu

303 2881 372 2932 Tunc
380 2881 442 2931 mibi
452 2882 531 2946 prima
540 2897 611 2947 genas
620 2881 728 2935 vestibat
735 2883 799 2949 flore
830 2879 912 2942 liunt,
938 2888 1063 2947 qnatenus
1075 2876 1132 2946 ipsae
1142 2878 1262 2933 locorum
1273 2878 1316 2934 len
1328 2879 1368 2931 tir·

345 2950 469 3010 juventas.
831 2964 909 3008 rum,
929 2949 1022 3015 quibus
1041 2948 1085 3001 Sol
1102 2948 1218 3011 incedit,
1240 2946 1370 3017 longitud·

248 3012 365 3067 Servius.
830 3032 875 3069 nes
895 3014 955 3070 sunt
974 3016 1095 3079 nlternae,
1116 3021 1198 3069 v.16.
1238 3016 1272 3070 ln
1288 3017 1368 3085 quibu

281 3088 342 3148 675.
364 3085 425 3137 Non
441 3085 513 3136 nimr’r
532 3085 663 3153 incerto.)
697 3084 795 3150 Faber,
830 3081 950 3138 describit
967 3084 1191 3151 Poetainaequalin
1210 3084 1328 3140 Arcuunr
1340 3083 1368 3136 di·

246 3152 307 3205 Nou
318 3153 398 3205 minas
407 3154 457 3205 baec
466 3156 543 3205 certr'r.
829 3168 954 3205 urnorum
964 3154 1202 3220 notturnonrmque
1213 3151 1369 3221 segmentati

280 3228 341 3285 676.
362 3224 477 3289 Namque
485 3223 528 3273 ubi
526 3221 567 3287 fic
571 3218 701 3289 ficerunt.)
720 3220 798 3276 Hunc
828 3218 910 3287 positu
930 3222 1037 3288 Sphaerae
1058 3221 1180 3288 obliquo,
1211 3223 1369 3291 AEquatorttt

246 3288 350 3343 versum
360 3291 429 3344 delet
442 3291 535 3353 hiber,
557 3292 582 3343 de
598 3292 625 3343 in
635 3288 749 3358 sequenti
761 3289 798 3342 le·
829 3291 954 3343 tamenab
965 3291 1011 3343 hac
1023 3290 1201 3358 legeexoipit,
1223 3293 1269 3358 qui
1281 3293 1368 3358 inqut·

246 3359 304 3423 git,
326 3360 439 3425 Namque
450 3361 488 3410 uti
505 3376 540 3410 res
553 3360 663 3423 Mundi,
684 3361 735 3413 &cr
758 3375 797 3411 ree
829 3358 870 3410 vis
891 3360 968 3412 etiam
986 3358 1138 3426 obliquitate
1163 3360 1191 3410 in
1209 3361 1274 3413 eluar
1296 3371 1368 3427 equas

247 3426 325 3478 tineri
342 3426 406 3479 verb
420 3426 500 3492 potest
513 3428 559 3481 iste
572 3426 682 3489 versus,
702 3425 798 3495 filega-
828 3434 914 3547 Kettos
924 3427 956 3480 ab
964 3426 1107 3480 Horiaonte
1117 3428 1262 3488 dividitur3
1283 3445 1315 3483 ex
1326 3442 1366 3495 quo

246 3499 309 3555 tur,
329 3495 444 3561 Namque
454 3496 633 3555 utifiznxerunt.
664 3495 706 3549 Sic
716 3494 762 3549 lib.
772 3495 795 3548 1.
849 3502 859 3548 t
869 3504 898 3548 ut
908 3495 952 3548 Sol
962 3496 1001 3547 bis
1011 3495 1037 3546 in
1052 3492 1105 3562 ipso
1120 3496 1189 3548 intra
1202 3496 1311 3550 Annum
1318 3511 1368 3549 oon·

247 3573 272 3612 v.
288 3569 345 3624 581.
361 3588 364 3595 ·
828 3562 932 3618 stitutus
944 3563 994 3616 duo
1009 3564 1094 3616 ubivis
1109 3565 1229 3631 gentium
1243 3562 1368 3620 facietdl·

244 3673 246 3678 .
298 3628 334 3681 Er
353 3630 410 3694 quid
434 3647 530 3697 queque
547 3633 631 3696 ferunt
648 3645 692 3700 per
701 3632 797 3697 foerlrra
829 3632 973 3699 quinoltia:
993 3631 1062 3684 Hinc
1073 3632 1182 3700 Signum
1198 3633 1267 3687 illud
1282 3636 1311 3687 in
1325 3647 1368 3702 qut

345 3699 473 3760 Noturol',
828 3701 924 3753 nodum
932 3698 1207 3767 AEquinottialemelse
1224 3703 1293 3757 dixit
1300 3699 1368 3756 intel

296 3764 367 3831 Quid
376 3779 445 3830 porro
454 3775 569 3830 nequeat,
588 3764 797 3836 sancitamque„
828 3767 960 3836 ligendum
979 3767 1075 3835 duplex
1096 3768 1149 3832 est,
1170 3769 1261 3831 Aries,
1278 3769 1368 3825 vla&

347 3833 469 3899 nequidem
480 3842 555 3885 extat.
828 3837 912 3898 Libra,
932 3837 959 3888 in
968 3838 1042 3900 cuius
1053 3838 1187 3904 utriusque
1199 3840 1278 3894 initio
1285 3846 1366 3894 mutor

246 3900 287 3954 lta
297 3901 378 3967 igitur
395 3900 504 3964 conjicio
520 3900 674 3969 legendum,
693 3919 796 3972 necpu·
826 3903 858 3957 fit
874 3903 1014 3972 Signiferi,
1048 3905 1252 3976 AEquatorisque
1270 3903 1367 3962 interit·

246 3970 290 4023 det
303 3968 463 4033 conjesturae.
827 3972 885 4026 uio.
923 3974 1021 4027 Deinde
1032 3970 1179 4043 subjungit,
1202 3992 1230 4029 v.
1244 3991 1278 4042 5..
1288 3974 1365 4031 Idlio·

279 4043 341 4100 678.
364 4036 619 4103 tunsoquanaturaest
634 4038 744 4108 roura.)
770 4039 794 4094 E
826 4042 849 4092 ri
858 4038 943 4107 polle,
963 4040 1031 4108 qubd
1040 4051 1108 4096 certa
1116 4041 1176 4097 lunt
1201 4045 1367 4100 erAEtheren

246 4100 423 4159 VetustoCod.
438 4103 604 4168 Gronovius,
826 4108 897 4173 loca,
926 4126 980 4177 quae
998 4109 1090 4177 poffint
1110 4109 1124 4163 d
1146 4060 1206 4165 Sofe
1228 4114 1262 4167 ob
1281 4113 1366 4168 nuru

299 4173 429 4253 Conseqrrlae
439 4191 529 4242 quoque
549 4192 628 4226 rerum
637 4173 698 4235 sunt
711 4194 742 4229 ex
756 4195 795 4229 or·
827 4178 949 4241 majorem
964 4179 1140 4245 minoremque
1150 4178 1319 4236 resistentiam
1328 4193 1367 4234 vs·

345 4241 478 4293 dmecerto.
826 4243 909 4299 locius
926 4244 1063 4313 segnibsve
1079 4250 1205 4314 percurri.
1244 4251 1366 4311 Deorum,

261 4313 340 4373 ι677.
362 4308 637 4379 Crescereitemquedirr,
657 4310 724 4378 du.)
732 4310 794 4366 Dies
826 4330 852 4368 v.
865 4327 894 4381 3.
911 4315 971 4383 quia
984 4314 1091 4371 alternis
1105 4318 1175 4371 Anni
1194 4318 1369 4438 partibustess

317 4579 407 4627 ...ἱ
