3150 4967
233 434 309 522 25⁶
607 397 1097 560 r.rucxur11
1214 409 1232 444 ·
1408 361 1410 366 ⁵

230 596 305 670 Nec
324 591 442 664 mulier
465 588 593 680 semper
612 589 691 664 sisto
703 589 847 681 suspirat
869 618 1009 665 amore:
1109 633 1113 642 ·
1169 625 1172 632 ·
1232 633 1238 640 ·
1289 595 1410 686 1185*=

231 688 319 774 Qlae
337 684 509 770 complexa
527 683 590 754 viri
612 706 732 769 corpus
757 707 834 754 curn
853 707 990 772 corpore
1016 681 1139 776 jungit
1408 733 1410 740 ·

229 776 274 847 Et
292 791 382 845 tenet
401 769 541 843 adsuetis
560 770 757 843 humettans
778 770 887 844 oscula
907 773 1018 845 labris.

230 865 323 938 Nam
343 859 420 933 facit
440 885 481 933 ex
500 862 613 933 animo
632 858 737 949 saepe,
764 865 797 933 ἃ
818 863 1011 933 communia
1029 884 1181 950 quaerens

232 951 383 1038 Gaudia,
406 950 554 1023 sollicitat
568 949 711 1038 spatium
723 952 893 1023 decurrere
911 955 1055 1023 amoris:
1408 1011 1410 1040 ,

230 1045 304 1117 Nec
323 1043 450 1113 ratione
468 1043 530 1111 alia
551 1042 733 1128 Volucres,
758 1042 940 1128 Armenta,
967 1044 1135 1128 Feraeque,
1286 1062 1369 1129 ¹¹90

232 1134 276 1220 Et
295 1131 461 1210 Pecudes,
485 1134 517 1202 ἃ
537 1132 639 1217 Equac
665 1130 810 1203 maribus
832 1128 995 1202 subsidere
1015 1129 1153 1220 pnlsent,

234 1224 379 1307 Sinon,
404 1217 471 1308 ipsa
493 1220 583 1307 quod
601 1220 734 1290 illorum
754 1217 879 1307 subut,
903 1219 997 1292 ardet
1021 1219 1197 1292 abundant

237 1314 389 1391 Natura,
416 1313 448 1381 dt
471 1332 625 1379 venerem
646 1306 821 1401 salientum
842 1311 916 1381 laen
936 1312 1099 1381 retmdlnt.

235 1402 360 1475 Nonne
372 1401 464 1470 vides
486 1399 607 1485 etiam,
634 1422 719 1485 quos
745 1418 860 1471 mutua
880 1397 962 1487 saepe
983 1399 1135 1486 voluptas

236 1491 357 1561 Vinxit
384 1510 423 1561 ut
440 1490 475 1559 in
492 1489 608 1560 vinclis
629 1488 865 1560 communibus
886 1486 1148 1562 excrucientur?
1287 1507 1366 1578 1191‘

235 1583 276 1653 In
298 1580 404 1650 triviis
424 1601 493 1648 non
512 1574 596 1666 saepe
616 1578 724 1649 Canes
744 1576 906 1649 discedere
930 1595 1077 1664 aventes,

235 1666 369 1743 Divorsi
390 1667 506 1755 cupide
526 1666 664 1739 {umoris
683 1692 724 1737 ex
745 1667 865 1738 viribu’
888 1669 1043 1752 tendunt,

235 1762 322 1832 Cirm
342 1759 467 1829 interea
492 1757 609 1829 validis
631 1757 771 1827 Veneris
787 1757 1000 1846 compagibus
1017 1754 1175 1828 haerent?

234 1848 338 1938 Qtod
355 1846 498 1919 facerent
522 1871 690 1934 nunquam
696 1897 711 1936 ,
737 1844 799 1917 nisr
822 1869 938 1918 mutua
956 1846 1074 1933 gaudia
1096 1843 1248 1918 nossent:

232 1943 320 2027 Quae
341 1939 443 2009 locere
463 1939 499 2007 in
513 1934 661 2007 fraudem
680 1933 825 2023 possent,
850 1932 1042 2024 vintlosque
1062 1954 1185 2006 tenere.
1285 1957 1363 2010 1200

233 2031 348 2115 Quare
371 2029 469 2096 etiam
483 2046 581 2114 arque
598 2028 697 2098 etiam
717 2025 773 2106 (ut
794 2027 884 2114 dico)
904 2025 950 2096 est
970 2026 1152 2097 communi'
1173 2025 1335 2115 voluptas.

277 2118 320 2187 Et
342 2112 586 2186 commiscendo
609 2117 685 2186 crim
705 2116 824 2186 Semen
844 2114 930 2187 forte
951 2115 1046 2185 virile
1408 2135 1410 2140 ·

234 2206 384 2279 Foemina
404 2206 602 2277 commulxit
617 2202 725 2276 subita
747 2206 804 2292 vi,
835 2206 1085 2294 conripuitque3
1279 2294 1312 2368 Τ

391 2317 397 2335 ‘
1314 2317 1367 2366 um
1406 2309 1410 2320 '

266 2490 340 2544 1186.
359 2485 509 2537 Necmulier
520 2482 631 2551 semper,
655 2481 724 2551 ibe.)
743 2484 782 2537 De
815 2480 897 2536 Virile
914 2479 1090 2549 superaverit,
1111 2481 1184 2538 Patri
1205 2480 1297 2537 limisit
1313 2498 1367 2552 pro·
1409 2477 1410 2488 ¹

229 2553 435 2618 Meretriculis,
463 2570 518 2621 quae
542 2552 646 2607 tantum
678 2562 781 2620 propter
817 2555 908 2616 venit,
933 2550 987 2606 live
1000 2553 1079 2614 Mas,
1110 2550 1163 2606 sive
1182 2552 1317 2613 Fremina‘t
1342 2553 1368 2606 Si

229 2623 349 2692 quaestum
361 2622 481 2684 sacinnt,
504 2624 530 2675 ἂν
546 2621 681 2688 prohibent
694 2638 783 2674 conce-
818 2620 950 2674 Muliebre
966 2620 1148 2688 praevaluerit,
1173 2622 1310 2688 progenies
1328 2639 1368 2675 cu·

228 2702 321 2759 ptum,
342 2689 418 2744 satis:
439 2690 781 2754 Jamditiuruscurbiberi
816 2687 908 2757 jusque
920 2689 1005 2744 Sexus
1023 2692 1054 2741 ad
1068 2691 1209 2758 imaginem
1230 2699 1368 2745 maternam
1406 2685 1408 2698 '

228 2760 278 2814 lint
298 2758 373 2811 modi)
386 2758 522 2819 P..rribus,
542 2757 616 2809 modb
638 2758 779 2822 Matribus,
817 2756 958 2824 respondet.
998 2759 1117 2825 Hincque
1136 2758 1293 2828 plerumque
1314 2758 1368 2814 lieri

228 2826 304 2881 morlo
316 2827 420 2893 utrique
433 2826 536 2879 Parenti
547 2823 650 2890 similes,
667 2826 782 2894 aliquan·
816 2824 898 2890 solet,
929 2820 967 2881 uf
977 2828 1057 2881 unius
1087 2825 1192 2881 tantum
1216 2826 1369 2883 lineamenta

228 2898 260 2949 do
280 2894 344 2947 verb
366 2894 436 2947 Auos
458 2897 485 2947 dt
509 2894 621 2947 Proavos
643 2893 780 2955 reserant;
816 2896 991 2961 praetendant:
1011 2895 1031 2949 li
1040 2895 1102 2949 verb
1115 2894 1278 2964 uquasuerit
1290 2914 1322 2952 ex
1330 2913 1371 2964 pa·

228 2963 367 3027 Braemittit
394 2979 419 3015 v.
444 2978 483 3026 17.
505 2963 598 3030 quibus
618 2965 690 3018 docet
710 2961 782 3031 quns-
816 2965 838 3015 ri
859 2963 962 3017 Seminc
982 2964 1133 3032 permistio,
1157 2962 1249 3031 lignrae
1273 2981 1370 3034 quoque

228 3034 286 3085 dam
297 3030 416 3084 foeminns
432 3049 465 3085 ex
486 3030 581 3085 llnimo
600 3031 702 3096 facere,
724 3038 786 3098 pro·'
816 3029 971 3096 miscentur,
992 3042 1022 3087 ut
1043 3032 1148 3087 Sobolec
1168 3032 1371 3088 illncommunic

226 3114 285 3171 pter
323 3099 483 3167 voluptatem
511 3116 587 3168 quam
613 3118 666 3154 non
695 3100 783 3154 minus
817 3108 861 3153 aut
879 3110 1001 3155 neutrum
1021 3100 1119 3156 referre
1148 3099 1289 3166 videatur,
1316 3103 1373 3171 quit

228 3169 305 3239 quim
323 3170 411 3223 Mares
435 3169 599 3238 percipiunt,
630 3169 783 3223 Communia
816 3176 900 3224 totum
911 3186 943 3222 ex
952 3169 1033 3224 altero
1046 3188 1098 3223 non
1109 3170 1372 3232 habet3nututrum·

227 3240 297 3293 enirn
308 3236 367 3293 sunt
384 3238 492 3293 Veneris
503 3239 616 3305 gaudia,
638 3239 705 3306 quod
717 3238 783 3291 Bru·
815 3255 885 3307 que,
905 3240 965 3304 quia
973 3246 1073 3306 partem
1084 3240 1115 3292 de
1129 3237 1238 3307 fingulit
1254 3248 1373 3295 mutuato

227 3317 314 3364 torum
325 3308 484 3362 Animalinm
497 3308 692 3372 conjunctiones
703 3306 784 3360 abun·
816 3306 868 3360 est:
900 3306 975 3372 Qubd
987 3316 1074 3362 autem
1086 3308 1148 3362 Nati
1157 3306 1228 3362 Avus
1238 3317 1285 3363 aut
1295 3309 1373 3363 Proa-

227 3375 258 3430 de
279 3376 395 3444 probant.
816 3393 862 3429 vos
882 3375 1019 3444 aliqnando
1039 3374 1171 3441 referant,
1198 3378 1225 3429 id
1242 3376 1294 3440 lit,
1315 3378 1372 3447 quie

265 3458 340 3511 1193.
361 3445 471 3508 Sinon,
491 3444 542 3512 ipfia
555 3442 722 3512 prodideram
737 3445 778 3507 su·
816 3444 908 3499 Semen
927 3446 1076 3498 contexitur
1098 3442 1272 3499 &Moleculis
1292 3447 1375 3515 pluri-

226 3513 285 3576 lmt,
300 3512 392 3577 ardet.)
410 3512 500 3575 Subat,
523 3520 600 3581 atque
612 3513 702 3567 ardet:
717 3512 782 3578 Alii,
816 3512 885 3578 bus,
906 3530 960 3580 quae
975 3530 1027 3566 non
1041 3511 1140 3581 semper
1151 3512 1274 3568 exsolutae
1285 3531 1372 3569 omnes

219 3580 303 3647 fiibird
322 3582 406 3633 ardet:
425 3580 523 3635 Subare
535 3589 622 3635 autem
640 3582 784 3650 quadrupe·
816 3584 847 3636 nl
862 3582 968 3642 lltomos
982 3579 1082 3650 usqne,
1104 3600 1152 3637 nec
1166 3581 1286 3651 proxime
1308 3582 1373 3652 ipsas

228 3651 271 3703 des
296 3648 418 3703 Foemime
435 3649 575 3711 dicuutur,
596 3648 656 3704 cum
674 3650 784 3705 libidine
817 3652 845 3704 in
866 3652 1032 3719 generatione
1059 3653 1142 3718 prima
1157 3654 1311 3719 proximare
1328 3653 1375 3706 ali·

225 3720 365 3787 flagrantes
378 3718 482 3772 Marem
498 3725 644 3786 appetunt,
666 3721 783 3773 &niaxi-
817 3737 876 3787 qrra,
896 3718 947 3774 sese
957 3721 1076 3786 deinceps
1087 3722 1114 3773 in
1123 3718 1210 3789 aliqua
1217 3719 1374 3790 consequen-

179 3790 181 3794 ’
226 3785 267 3841 md
286 3786 352 3842 sues.
390 3785 482 3851 Pissia.
816 3789 883 3842 tium
898 3787 1089 3855 ficexplicnnt,
1110 3797 1140 3844 ut
1170 3789 1222 3843 uotl
1232 3788 1378 3857 potuissent

264 3866 338 3921 1197.
360 3856 394 3910 In
408 3851 582 3922 Trivir'anon.)
600 3852 701 3910 Melius
724 3854 784 3911 curn
817 3859 844 3910 in
854 3858 993 3925 proxima,
1019 3858 1046 3911 id
1056 3806 1230 3925 agantsbtum
1244 3860 1272 3910 in
1291 3876 1375 3913 remo·

227 3923 353 3991 Gisanio,
379 3925 413 3979 In
435 3925 629 4061 Trividpuum:
816 3932 851 3980 ta.
888 3925 969 3992 Haec,
987 3942 1014 3980 v.
1029 3939 1071 3991 24.
1091 3924 1240 3994 Salmasius,
1261 3927 1313 3996 Ep.
1330 3942 1372 3995 51.

265 4009 339 4047 1201.
366 3994 431 4063 Quo
448 3995 531 4046 lacere.
574 3991 615 4047 lta
631 3991 727 4063 sopri,
752 4012 780 4049 v.
818 3995 890 4063 legit,

228 4075 304 4130 1139.
455 4081 457 4086 ·
850 4065 886 4118 Et
905 4062 1074 4125 cornmr'medo
1090 4081 1145 4117 eum
1161 4059 1278 4129 semine,
1301 4063 1374 4129 forte

261 4132 352 4198 fugo
361 4133 387 4188 in
399 4131 494 4183 Amori
511 4148 539 4182 nr
547 4131 673 4186 sociamur.
913 4134 996 4185 virilu

264 4212 338 4266 1203.
360 4200 395 4252 Et
413 4200 596 4264 commiscendo,
618 4199 686 4269 dre.)
714 4199 781 4254 Gum
811 4213 815 4276 ᾗ
849 4200 956 4257 Femina
975 4200 1030 4254 vim
1046 4200 1226 4269 vicinsuaua
1242 4202 1274 4255 oi
1299 4200 1375 4255 corti·

227 4267 333 4324 Semina
341 4269 410 4324 inter
420 4265 445 4322 se
454 4268 574 4337 permista
583 4268 780 4345 coalescant,s1
912 4272 1019 4339 postque.
