3150 4967
560 439 742 558 LIBER
783 438 1096 537 QUARTUS.
1333 463 1411 539 247

270 614 335 699 Qua
349 608 472 699 polsmt
496 607 745 697 eademrerum
767 609 948 684 Simulacra
970 610 1096 681 venire.

267 702 441 775 Permultos
459 702 569 787 itaque
591 701 645 772 illa
667 700 737 772 dies
762 701 878 772 eadem
900 697 1118 771 obversantur
1296 783 1300 788 p
1334 718 1404 790 975

267 794 345 863 Ante
368 792 506 876 oculos,
532 790 631 861 etiam
651 791 825 879 vigilantes
847 806 886 861 ut
902 789 1078 868 videantur

264 882 397 951 Cernere
418 876 604 965 saltantes,
631 882 663 951 dc
687 881 799 952 mollia
828 878 977 950 membra
998 878 1204 951 moventeis:

262 970 299 1041 Et
316 968 448 1040 citharae
467 970 632 1057 liquidum
651 994 782 1041 carmen
794 976 812 1054 ‚'
832 967 1032 1055 chordasque
1055 968 1240 1055 loquenteis

260 1058 400 1131 Auribus
420 1060 583 1145 accipere,
610 1063 642 1131 ἃ
664 1058 846 1131 consessum
869 1083 1000 1129 cernere
1020 1060 1186 1146 eundem,

259 1150 436 1236 Scena'ique
459 1147 556 1220 srmul
577 1150 686 1220 varios
710 1147 877 1236 splendere
898 1148 1042 1220 decores.
1329 1160 1399 1235 980

256 1235 363 1326 Usque
381 1239 463 1309 adeo
486 1239 596 1327 magni
617 1235 716 1309 refert
740 1237 908 1324 studium,
934 1256 1032 1325 atque
1054 1238 1232 1325 voluntas,
1294 1293 1297 1299 >

253 1328 295 1399 Et
312 1328 435 1415 quibus
458 1329 494 1397 in
518 1328 617 1399 rebus
635 1325 822 1399 consuerint
846 1326 905 1398 else
926 1330 1052 1415 operati

251 1418 335 1491 Non
355 1419 520 1491 Homines
540 1414 669 1503 solum,
697 1414 751 1512 sed
775 1419 858 1488 vero
877 1418 1040 1489 Animalia
1065 1420 1195 1489 cunda.

297 1508 432 1594 Qlippe
456 1507 584 1578 videbis
598 1504 866 1594 Equos'sorteis,
892 1506 968 1576 clrm
989 1506 1139 1579 membra
1158 1507 1314 1596 iacebunt
1325 1557 1337 1594 ,

250 1596 292 1669 In
320 1598 454 1669 Somnis
474 1594 589 1667 sudare
607 1614 741 1683 tamen,
765 1594 948 1684 spirareque
967 1592 1071 1685 saepe,
1325 1610 1395 1686 985

247 1685 291 1761 Et
315 1682 406 1773 quasi
429 1686 469 1758 de
491 1687 598 1773 palma
618 1683 763 1757 summas
787 1685 986 1757 contendere
1005 1686 1129 1772 vireis,

246 1777 349 1848 Tunc
369 1772 458 1862 quasa
480 1775 674 1848 Carceribus
694 1772 861 1863 patefactis
884 1771 965 1863 saepe
981 1778 1112 1862 quiete:

292 1866 555 1953 Venantumque
568 1866 674 1937 Canes
696 1868 732 1935 in
752 1866 844 1936 molli
872 1862 955 1954 saepe
980 1866 1089 1951 quiete

242 1956 381 2043 jactant
401 1979 495 2026 crura
516 1973 626 2026 tamen
645 1952 775 2041 subito,
803 1952 962 2041 vocesque
985 1971 1119 2041 repente

242 2047 415 2131 Mittunt,
437 2048 473 2117 ¹&
493 2045 620 2116 crebras
638 2046 824 2117 redducunt
844 2043 980 2116 nuribus
1002 2068 1120 2130 aurat,
1320 2068 1390 2136 990

242 2136 295 2210 Ut
317 2133 451 2295 vestiga
470 2134 494 2205 sr
512 2153 646 2207 teneant
662 2136 800 2207 inventu
818 2132 972 2205 ferarum.

242 2226 396 2312 Experge
430 2226 536 2312 mque
556 2222 736 2311 sequuntur
759 2225 869 2295 inania
888 2223 971 2311 saepe

242 2316 436 2386 Cervorum
453 2312 643 2402 simulacra,
668 2312 754 2404 suges
774 2312 863 2403 quasa
884 2315 993 2386 dedita
1013 2329 1168 2395 cernant3

242 2406 366 2475 Donec
383 2400 526 2475 discussis
544 2404 679 2498 redeant
700 2406 867 2477 erroribus
888 2405 928 2478 nd
954 2401 1010 2474 se:
1409 2463 1418 2484 2

286 2495 334 2565 At
353 2491 507 2565 consueta
526 2494 617 2569 domi
642 2494 838 2566 Catulorum
858 2492 979 2565 blanda
999 2518 1143 2581 propago
1283 2523 1286 2528 ·
1314 2513 1384 2585 995

242 2585 395 2671 Degere,
420 2580 502 2670 saepe
520 2585 626 2655 levem
644 2609 685 2655 ex
704 2584 828 2669 oculis,
852 2585 1088 2670 volucremque
1106 2580 1256 2669 soporem

242 2672 439 2756 Diseutere‚
467 2677 499 2743 ἃ
521 2698 639 2761 corpus
659 2673 699 2743 de
721 2692 807 2744 terra
827 2676 995 2761 consipere
1015 2671 1158 2757 instant,

242 2761 386 2834 Proinde
407 2760 496 2849 quasi
515 2764 642 2850 ignotas
665 2760 783 2847 facim,
809 2786 905 2849 atque
923 2788 980 2833 ora
999 2782 1147 2834 tuantur.

283 2854 330 2925 Et
351 2852 452 2940 qudm
465 2876 601 2939 quaeque
620 2854 725 2941 magis
747 2848 824 2924 sunt
841 2851 949 2939 aspera
968 2849 1091 2923 semina
1111 2876 1251 2941 eorum,

242 2943 328 3015 Tum
349 2942 453 3029 magis
475 2942 517 3011 in
534 2943 666 3014 Somnis
684 2941 798 3013 eadem
816 2939 927 3035 saevire
949 2940 1158 3014 necelsum'll.
1294 2968 1379 3021 1ooo

242 3034 284 3103 At
304 3032 405 3102 variae
421 3028 556 3118 fugiunt
580 3031 765 3115 Volucres,
791 3027 970 3119 pennisque
994 3052 1126 3119 repente

242 3121 423 3195 Sollicitant
441 3122 572 3194 Divlrm
588 3124 755 3193 noslurno
771 3139 920 3211 tempore
939 3120 1053 3207 lucos,
1075 3171 1078 3186 ·
1253 3212 1282 3282 Α
1323 3211 1330 3226 ⁸
1356 3211 1364 3226 ·

1285 3235 1380 3297 ccrpr.

271 3409 333 3465 987.
365 3400 435 3455 Trurc
453 3401 521 3470 qucfi
540 3401 694 3465 carceribus,
714 3400 790 3469 dte.)
822 3399 966 3469 pollulante
974 3397 1099 3454 sententia
1112 3395 1219 3453 inseruit
1231 3397 1370 3453 Lambinus.

242 3467 319 3523 Hune
339 3466 442 3523 versum
463 3470 587 3533 rejiciunt
611 3470 786 3537 Interpretes,
856 3484 916 3533 999.
937 3472 1032 3523 Semina
1051 3488 1136 3519 eornm.
1152 3472 1162 3530 )
1181 3468 1237 3521 Viz.
1253 3466 1385 3533 Carnum,⁴

242 3538 349 3593 retineri
357 3545 444 3592 tamen
453 3536 520 3606 polse
528 3539 626 3604 judicat
634 3539 785 3604 Lambinus,
822 3538 962 3593 Lambinus
981 3556 988 3591 t
1029 3539 1078 3591 Sed
1097 3537 1198 3592 fallitur
1217 3537 1369 3603 Interpres,

242 3604 258 3662 li
272 3606 395 3675 legatur,
412 3604 426 3658 ὲ
438 3606 483 3661 lib.
495 3607 530 3661 II.
820 3624 880 3661 nam
891 3616 945 3663 tota
959 3610 989 3662 de
998 3606 1109 3661 Canibus
1122 3605 1257 3673 disputatio
1270 3602 1371 3659 absolu-

288 3676 437 3745 Tmcqutfi
446 3678 583 3730 carreriam
588 3675 716 3745 parefarlis
723 3684 790 3732 tem·
820 3685 846 3730 ta
854 3677 888 3731 est
899 3716 908 3742 ‚
930 3680 955 3731 &
965 3679 1018 3741 jam
1031 3677 1116 3744 agitur
1128 3677 1157 3731 de
1169 3673 1304 3741 lnsomniis
1318 3683 1371 3728 ter·

336 3760 400 3811 pore
412 3746 527 3815 peneto,
820 3745 917 3809 tiliois,
937 3763 992 3814 quae
1008 3748 1154 3799 excitantur
1173 3742 1368 3799 iSimnlaehris

242 3807 314 3879 lqno
322 3811 380 3867 loeo
389 3812 510 3869 forsrniu
521 3815 608 3869 locum
617 3814 730 3869 alienum
744 3815 787 3869 de·
818 3812 986 3870 fluentibus&
1001 3814 1077 3868 rebus
1092 3831 1145 3881 quae
1163 3830 1195 3868 ex
1214 3810 1308 3878 asperis
1323 3811 1369 3865 Se·

242 3880 307 3935 latus
315 3880 361 3936 est.
818 3882 931 3938 minibus
942 3891 1131 3951 componuntnr
1143 3901 1149 3936 :
1169 3879 1274 3935 Redius
1286 3881 1367 3947 igitur

268 3962 331 4016 994
351 3948 521 4071 Emessam?
540 3950 580 4006 Ita
594 3952 736 4016 Turnebus,
757 3952 783 4006 dc
818 3951 977 4020 legendum,
999 3954 1175 4005 Seminiornm:
1196 3950 1245 4004 Seu
1259 3947 1363 4016 potius,

242 4017 305 4072 ῖεᾶὲ
324 4020 447 4087 quidem
466 4020 576 4074 Vacant
597 4029 682 4076 autem
702 4020 781 4074 codd.
818 4022 913 4075 Semina
921 4039 1008 4073 rerum.

242 4086 629 4153 &saulieumsuis‘s'erroribun
646 4090 783 4157 quidenim
855 4104 928 4142 1002.
949 4090 1100 4149 Sollicitam,
1128 4082 1206 4155 dcc.)
1249 4082 1365 4154 Agnosce

242 4163 331 4210 erreat
352 4156 434 4212 Canes
454 4158 561 4226 vestigia
573 4156 654 4224 serae,
674 4158 781 4226 Leporis
817 4158 935 4212 Scomma
944 4158 1064 4211 Lucretio
1076 4158 1200 4224 dignum,
1222 4155 1293 4217 nivi,
1309 4156 1362 4209 viz.

242 4222 336 4291 orsan,
356 4224 560 4295 persequentes?
748 4234 751 4239 '
817 4225 928 4293 hospites
938 4224 1072 4281 suasAves
1088 4226 1119 4278 ab
1130 4224 1245 4292 Imagine
1262 4222 1364 4290 Accipi-

263 4300 327 4360 996.
346 4297 460 4365 Degere,
479 4295 554 4365 dec.)
583 4295 662 4351 Hune
678 4294 783 4353 versum
817 4297 866 4352 tris
875 4297 944 4351 tueri
955 4313 1008 4350 non
1018 4295 1115 4350 valent.
1180 4297 1184 4304 “

935 4365 1058 4461 ἀι,
