3150 4967
224 471 296 542 350
589 445 637 532 T.
675 443 982 526 LUCRETII

223 614 329 689 Gleba
344 611 505 685 vetustate
527 611 546 684 ὲ
568 630 654 684 term
671 613 881 700 provolvitur
901 613 1032 701 ingene,

223 709 270 778 Ut
290 707 427 795 jactetur
451 727 554 789 aqua,
583 701 734 773 &fluctu
753 726 886 790 quoque
906 722 991 774 terra
1014 701 1167 774 vacilleta

224 799 270 867 Ut
291 819 348 865 vas
374 795 412 863 in
431 812 517 862 terra
540 815 610 862 non
629 793 701 878 quit
719 791 865 862 conlbare
884 842 896 877 ‚
921 790 982 864 nifi
1001 791 1128 863 humor

223 883 358 956 Destitit
378 884 414 953 in
433 882 535 952 dubio
554 881 656 952 flutlu
677 882 826 972 iactarier
845 881 945 952 intits.

268 975 453 1055 Praeterea,
479 971 610 1042 Ventus
628 970 706 1040 crim
724 994 781 1057 per
800 971 871 1041 loca
891 967 1032 1042 subcava
1049 987 1148 1042 terrae

203 1063 403 1134 ·Conleetus
422 1060 506 1148 parti
524 1085 564 1129 ex
586 1083 652 1130 una
677 1058 893 1146 procumbit,
918 1063 952 1130 &
972 1077 1070 1148 urget

225 1152 382 1224 Obnixus
403 1150 529 1237 magnis
551 1145 718 1234 speluncas
744 1147 870 1220 viribus
890 1149 991 1228 altas3

224 1240 391 1313 Incumbit
412 1240 507 1309 tellus
526 1239 594 1324 qub
614 1237 716 1308 Venti
736 1261 838 1324 prona
880 1239 977 1309 remit
997 1238 1070 1308 vic:

225 1332 256 1402 T
257 1354 316 1401 um
336 1326 449 1415 supera
470 1349 592 1399 terram
614 1350 688 1413 quae
708 1323 787 1396 sunt
808 1263 970 1398 exllrutta
988 1327 1182 1415 domorum,

226 1420 275 1491 nd
294 1420 478 1504 coelumque
502 1417 605 1504 magis
626 1419 752 1503 quantb
771 1412 848 1486 sunt
870 1417 957 1487 edita
981 1439 1133 1505 quaeque,

224 1509 384 1580 Inclinata
403 1508 531 1576 minent
547 1508 583 1575 in
603 1506 739 1576 eandem
765 1506 893 1591 prodita
912 1523 1060 1593 partem:

225 1600 463 1683 Protradlaeque
483 1594 591 1666 trabes
610 1594 802 1682 impendent
821 1594 868 1665 irc
888 1613 1027 1681 paratae:
1134 1641 1137 1655 ι

225 1690 268 1760 Et
288 1704 444 1756 metuunt
462 1685 573 1772 magni
592 1685 759 1756 Naturam
780 1683 910 1755 credere
928 1684 1051 1760 Mundi

226 1777 363 1849 Exitiale
383 1774 515 1863 aliquod
534 1796 688 1861 tempus,
716 1772 905 1860 clademque
929 1798 1084 1858 manere,

227 1863 315 1938 Cdm
334 1864 469 1936 videant
486 1883 612 1935 tantam
634 1863 813 1935 Terrarum
833 1862 1026 1952 incumbere
1049 1863 1186 1933 molem.

228 1954 334 2042 thd
354 1951 415 2024 nisi
437 1951 594 2041 respirent
612 1953 733 2032 Venti,
759 1975 829 2022 non
848 1953 914 2023 ulla
932 1951 1083 2023 refraenet

227 2045 317 2128 Res,
343 2066 449 2129 neque
466 2043 508 2113 ab
532 2042 634 2113 exitio
654 2039 750 2128 poffit
770 2042 964 2129 reprendere
986 2042 1136 2114 eunteis:

227 2134 330 2205 Nunc
353 2132 429 2234 qaia
451 2129 609 2216 respirant
627 2130 783 2216 alterniS,
809 2133 907 2219 inque
930 2127 1137 2220 gravescunt,

227 2223 269 2294 Et
289 2225 379 2307 qualt
402 2221 540 2290 conlecti
562 2220 702 2292 redeunt
724 2221 911 2308 ceduntque
933 2218 1064 2308 repulsa,

227 2313 350 2400 Saepius
369 2307 455 2382 hanc
472 2309 516 2380 ob
538 2333 609 2382 rem
632 2310 805 2382 minitatur
822 2313 926 2383 Terra
945 2311 1072 2398 ruinas,

225 2689 297 2742 illam
314 2686 412 2754 Aqtram
433 2695 555 2754 tanquam
571 2685 622 2739 Vas
643 2687 767 2751 continet,
808 2686 875 2740 Nam
885 2685 984 2740 Ventus
1003 2685 1031 2738 in
1041 2683 1184 2753 Speluncas
1195 2687 1308 2742 Telluris
1317 2686 1343 2739 ir·

225 2758 354 2812 titubatio.
809 2773 903 2814 ruens,
925 2754 987 2808 facit
1004 2763 1034 2808 ut
1054 2754 1165 2810 inclinet
1182 2756 1298 2818 Tellus.
1313 2751 1347 2808 sd

261 2837 319 2890 553.
355 2824 389 2876 Ut
408 2819 514 2887 jalletur
531 2820 623 2886 Aqua,
652 2821 773 2889 &fitilla
809 2822 869 2877 clun
893 2823 970 2877 flatus
986 2823 1064 2877 Venti
1091 2840 1143 2875 non
1162 2822 1195 2878 fit
1211 2818 1368 2886 continum'

225 2909 315 2961 queque
328 2893 403 2943 Terra
414 2890 537 2955 vacillet.)
558 2889 629 2951 Alii,
653 2891 773 2953 Utjac‘ie-
808 2892 867 2945 ebm
883 2892 1025 2960 aliquando.
1038 2889 1155 2957 repulsam
1172 2894 1265 2958 cedat,
1282 2889 1349 2947 lelna

225 2973 265 3014 tur
275 2976 344 3028 aqua
354 2959 434 3012 nunu
446 2976 535 3026 quoque
548 2955 622 3011 Terra
632 2959 772 3014 vacillans:
808 2962 934 3027 gravitate
953 2962 980 3013 in
1004 2961 1120 3027 pristinas
1143 2957 1235 3026 ledea,
1265 2959 1348 3014 imbir

226 3029 306 3083 Nullo
318 3026 379 3080 verb
391 3027 465 3078 moda
483 3025 546 3079 ferri
560 3027 640 3094 potest
650 3027 716 3081 istud
728 3029 773 3081 Gi·
809 3029 916 3082 alteram
933 3038 1033 3095 partem
1045 3029 1122 3080 nimis
1136 3028 1285 3096 prolabitur
1296 3029 1350 3084 Ter·

226 3097 306 3160 lanii,
327 3094 364 3150 Ut
371 3096 498 3160 indetur,
518 3114 585 3164 aqua
594 3096 673 3163 flutio
685 3115 774 3164 quoque
809 3114 859 3159 ra,
885 3097 961 3148 lstam
989 3106 1075 3151 autem
1094 3095 1185 3150 Terra
1216 3097 1350 3153 annuatia

230 3167 305 3224 Terra
321 3165 427 3219 oneidn.
492 3215 498 3228 ,
809 3182 867 3218 nom
879 3162 994 3233 [equitur
1011 3165 1154 3219 Tedorum
1165 3163 1350 3231 diffolutim&

262 3251 319 3303 554.
344 3235 378 3288 Ut
397 3233 446 3287 Vas
461 3233 487 3284 in
507 3230 609 3298 Terra.)
626 3230 726 3285 Voffius
742 3234 774 3285 ad
810 3235 893 3287 ruina.

226 3304 377 3363 Catullum,
398 3321 423 3372 p.
446 3315 503 3368 331.
537 3302 572 3354 Ut
598 3299 647 3353 Vas
671 3301 771 3365 Inftrii.
844 3309 902 3366 56²·
922 3299 1049 3368 atinent.)
1075 3300 1259 3358 Umlenatum
1277 3302 1353 3359 Im'·

226 3374 323 3427 Vinum
337 3381 424 3426 autem
433 3372 556 3435 Inferium
572 3369 607 3422 est
621 3369 717 3423 Vinum
730 3386 775 3421 na·
809 3380 883 3434 amr,
901 3372 1060 3430 Prominent,
1078 3372 1128 3424 &e

226 3459 310 3503 vum,
333 3438 452 3506 (Vinum
467 3441 601 3505 inferiunt,
631 3439 657 3489 id
671 3439 732 3506 quod
750 3442 775 3489 in
844 3446 901 3505 563.
922 3437 1054 3492 protracta
1070 3439 1187 3507 Trabes.)
1205 3439 1277 3494 Nam
1291 3437 1353 3494 intll-

220 3510 379 3574 fiterificando
395 3509 463 3572 infra
483 3516 569 3574 patera
594 3508 688 3559 labrum
706 3520 776 3575 pone·
811 3518 869 3561 nata
889 3505 1016 3570 Tellure,
1037 3506 1137 3560 Trabes
1160 3505 1248 3563 diuis
1266 3508 1353 3565 seibbnt

228 3578 317 3637 hatur,
342 3574 450 3643 Fatus)
478 3576 543 3640 Quis
555 3575 617 3629 verb
632 3572 711 3628 nescit
731 3575 776 3628 Vi·
811 3574 917 3631 cuculla
933 3575 1047 3643 protrahi
1065 3576 1200 3630 videntur.

229 3660 291 3698 num
303 3660 399 3696 novum
411 3660 462 3694 non
474 3645 601 3697 contineri
617 3646 645 3696 in
653 3642 718 3698 valis
731 3651 776 3698 aut
848 3651 906 3710 564.
927 3644 962 3697 Et
979 3653 1086 3695 metuam
1098 3645 1227 3713 etaim.)
1268 3645 1303 3702 Et
1313 3643 1355 3700 lla

230 3713 305 3767 doliis
316 3709 334 3764 fi
350 3709 468 3765 nonsatis
481 3712 657 3773 deferbueritt
677 3713 777 3767 Artem
812 3714 893 3766 mines
906 3719 1026 3766 metuunt
1037 3710 1116 3779 usque
1127 3714 1201 3776 adeo,
1221 3723 1255 3770 ut
1266 3715 1355 3769 credaut

228 3781 307 3850 ipsam
326 3796 378 3833 non
397 3776 456 3832 satis
472 3783 581 3835 attendit
599 3782 646 3834 Vir
667 3780 712 3834 ille
732 3783 777 3833 do·
813 3782 922 3834 exitium
939 3780 1060 3847 aliquod,
1089 3780 1244 3850 clademque
1267 3782 1356 3838 Mundo

229 3853 304 3904 tius:
332 3847 396 3911 Quis
412 3847 481 3898 enim
500 3849 566 3901 vidit
593 3850 661 3902 dolia
679 3849 709 3901 ab
732 3849 777 3902 isto
813 3851 963 3913 imminere,
985 3849 1136 3900 Matidiam:
1166 3852 1194 3903 dr
1208 3849 1297 3906 forsan
1315 3853 1355 3904 bat

230 3936 298 3971 novo
313 3918 376 3970 vino
402 3914 469 3980 quod
490 3931 541 3967 non
565 3913 623 3970 satis
640 3916 778 3971 tdeferhnit
814 3918 848 3971 est
859 3920 945 3972 verior
963 3917 1150 3983 interpretatio.

230 3984 342 4049 laetata?
366 3985 392 4036 dt
412 3998 466 4048 qua
482 3983 555 4033 Novi
569 3984 776 4047 vistineceffitaa
810 4017 816 4038 t
849 3993 905 4051 568.
926 3985 1187 4053 Reprendo-emutat.)
1207 3987 1358 4053 Eremmiu·

231 4052 290 4106 ciam
301 4053 368 4104 idem
380 4047 492 4104 efficeret
505 4049 600 4118 Liquar
618 4052 777 4107 vilissimue?
814 4063 902 4120 petum
924 4053 1073 4116 facientes,
1110 4053 1216 4109 Melius
1245 4057 1356 4114 Etenna

231 4116 309 4175 neat
322 4120 402 4187 igitur
416 4122 441 4170 in
459 4119 534 4171 Terra
551 4120 643 4174 editur.
815 4123 945 4185 Terram,
974 4125 1028 4176 viz.
1049 4122 1217 4188 perituramr
1244 4121 1359 4180 Alibiln

266 4195 323 4254 556.
345 4189 479 4248 Praeterea,
502 4185 607 4250 Ventus,
628 4190 696 4255 dre.)
715 4188 782 4242 Ter·
815 4208 862 4260 pro
873 4192 959 4254 mori,
975 4198 1020 4246 aut
1030 4191 1122 4259 perire.

231 4255 290 4323 tib,
309 4273 336 4311 v.
358 4270 401 4312 πο.
446 4254 540 4311 Tellus
557 4252 640 4312 Vento
657 4258 779 4325 aqitatru,
