3150 4967
228 449 298 529 348
596 433 641 514 T.
679 432 985 516 LUCRETII

223 600 435 689 Dupliciter:
460 624 539 673 nam
558 601 611 674 vis
631 601 724 673 venti
741 600 930 686 contrudit,
957 597 1076 690 &ipsa
1104 683 1123 697 ,

225 693 331 779 Copia
364 691 582 777 nimborum,
617 691 713 763 turba
735 691 860 778 maiore
882 707 1007 775 coena,
1279 703 1317 780 sp

224 783 362 869 Urget,
383 784 416 853 &
435 782 453 852 ὲ
471 777 588 867 supero
608 782 750 868 premit,
778 805 816 852 ae
838 777 916 852 facit
938 775 1075 850 effluere
1093 776 1240 854 Imbres.
1303 779 1306 788 '
1341 823 1369 868 pn

271 873 449 955 Praeterea,
475 871 551 941 ciam
573 867 738 942 rarescunt
759 893 892 957 quoque
911 868 1039 941 Nubila
1056 871 1180 956 ventis,
1363 887 1369 906 ¹

224 961 292 1032 Aut
310 956 531 1031 ditsolvuntur
551 960 634 1032 Solis
650 957 745 1047 super'
764 963 828 1030 itta
846 959 975 1030 calore:
1173 1027 1176 1034 ,
1341 1000 1369 1045 ,a

224 1050 370 1122 Mittunt
389 1048 566 1121 humorem
585 1050 759 1137 pluvium,
785 1048 993 1134 stillantque,
1020 1044 1113 1137 quast
1134 1045 1205 1136 igni
1321 1124 1325 1131 ,
1347 1068 1369 1136 aa

225 1140 310 1209 Cera
334 1135 427 1225 super
446 1138 551 1210 calido
575 1135 740 1210 tabescens
760 1140 863 1209 multa
888 1133 1051 1224 liquescat.
1282 1145 1367 1225 {1521

271 1227 333 1300 Sed
353 1227 532 1299 vehemens
550 1227 656 1300 imber
675 1225 716 1300 fit
733 1278 745 1313 ,
768 1228 829 1299 ubi
847 1225 1059 1299 vehementer
1085 1242 1227 1315 utroque
1311 1305 1314 1312 ,

224 1317 352 1390 Nubila
371 1319 405 1388 vi
426 1318 591 1388 cumulata
609 1338 830 1404 premuntur,
856 1320 888 1389 de
912 1317 1034 1402 impete
1057 1315 1164 1388 venti.

272 1408 313 1477 At
331 1407 472 1477 retinere
492 1406 550 1477 din
571 1407 718 1494 pluviae,
744 1408 946 1494 longumque
965 1404 1087 1476 morari
1135 1485 1138 1490 ,

225 1492 461 1581 Consuerunt,
486 1495 546 1566 ubi
569 1497 671 1567 multa
689 1494 826 1568 suerunt
848 1496 981 1568 Semina
1002 1515 1186 1584 aquarumt

224 1587 269 1657 At
291 1610 333 1655 ue
352 1585 424 1656 aliis
442 1585 512 1656 aliae
527 1584 671 1671 Nubes,
695 1586 867 1673 nimbique
886 1586 1030 1674 rigantes

224 1609 380 1761 Insuper,
405 1695 502 1762 atque
521 1676 614 1745 omni
635 1675 737 1763 volgo
757 1676 798 1745 de
820 1692 911 1762 parte
932 1671 1111 1748 feruntur:

224 1766 392 1852 Terraque
413 1765 489 1835 citm
508 1762 639 1837 fumans
658 1763 836 1837 humorem
856 1782 927 1836 tota
948 1762 1081 1838 rehalat

271 1855 360 1927 Hinc
382 1853 442 1925 ubi
466 1855 522 1927 Sol
541 1856 638 1925 radiis
659 1871 727 1925 tem
752 1852 886 1925 estatem
909 1855 996 1926 inter
1022 1875 1160 1941 opacam

224 1941 367 2015 Adversa
386 1941 476 2017 sulstt
495 1944 685 2016 nimborum
737 1944 869 2031 pergine
891 1966 1028 2015 eontra:
1116 1993 1119 1998 ι

224 2033 319 2104 Tum
339 2034 429 2104 color
450 2035 485 2105 in
509 2035 544 2104 ni
568 2035 611 2105 ris
632 2031 741 2105 existit
758 2033 904 2106 nubibus
924 2033 1037 2120 Atqui.
1286 2037 1329 2122 Μ
1358 2080 1369 2119 1

271 2123 417 2208 Caetera,
444 2147 516 2210 quae
543 2059 671 2195 sursum
693 2120 861 2210 ctesetmt,
885 2120 1077 2210 sursumque
1097 2141 1268 2204 ereenmts

223 2210 267 2282 Et
286 2234 359 2297 quae
379 2210 590 2284 concrescunt
610 2214 645 2285 in
665 2213 813 2285 nubibus
839 2214 972 2298 omnia,
1007 2207 1159 2299 prorsum

226 2302 375 2387 Omnia,
402 2303 494 2388 Nix,
520 2304 642 2388 Venti,
672 2303 831 2386 Grande,
865 2303 1043 2390 gelidaeque
1059 2302 1209 2389 Pruinae,
1325 2319 1329 2332 ·

225 2392 269 2462 Et
290 2392 341 2462 vis
356 2416 473 2483 magna
495 2393 590 2479 Geli,
620 2416 778 2481 magnum
799 2392 960 2463 duramen
977 2415 1170 2479 aquarume

225 2482 269 2555 Et
291 2480 406 2569 moia,
432 2508 505 2572 quae
524 2483 643 2555 fluvios
661 2479 776 2572 paffim
796 2479 947 2555 refraenat
968 2481 1096 2555 eunteis
1120 2507 1131 2551 e
1216 2515 1220 2522 ·

225 2918 282 2973 lara
292 2934 369 2986 aquas
389 2915 508 2971 colledas
519 2919 649 2975 mittunt:
679 2919 775 2977 Itala·
809 2922 903 2976 mea
927 2920 1004 2975 Iridis
1025 2919 1174 2987 [κακίαις
1214 2921 1284 2988 Quid
1304 2911 1345 2988 ql

224 2995 370 3053 terpretes.
397 2987 576 3042 contenderem
610 2987 672 3043 verb
699 3007 775 3044 voces
809 2989 954 3055 adjiciam?
1327 2985 1332 3002 ⁸

224 3056 283 3108 istas
307 3052 342 3107 Vi
362 3053 434 3108 Venti
450 3053 463 3108 ὲ
479 3054 593 3124 sequenti
610 3056 685 3112 versn
701 3057 775 3114 fuisse
844 3073 901 3123 525.
925 3061 992 3112 Celer
1000 3057 1103 3127 arqui.)
1131 3055 1190 3126 Ipse
1202 3055 1344 3115 coeleaietr·

224 3124 276 3176 hue
295 3122 406 3187 delatas,
434 3126 460 3178 aa
476 3121 627 3180 Lucretium
642 3124 774 3195 scripfille,
809 3143 873 3190 cus,
894 3135 925 3182 ut
939 3127 1018 3191 Alibi,
1031 3127 1150 3181 namma
1169 3127 1345 3193 cormello

223 3192 317 3247 Imbres
327 3201 379 3244 tum
392 3196 485 3246 mittere
495 3204 594 3249 certam.
809 3213 858 3248 ma.
896 3196 957 3250 Sive
968 3196 1066 3257 Areus,
1086 3194 1139 3250 five
1153 3197 1238 3263 Arei,
1257 3193 1346 3253 lived·

259 3294 318 3353 516.
344 3287 474 3358 Utroque.)
503 3288 574 3352 Alii,
596 3289 705 3358 Utrique.
808 3268 850 3333 qui
864 3263 983 3333 legatur,
1003 3264 1070 3320 nibil
1083 3264 1200 3320 interest.

259 3394 318 3451 518.
336 3386 372 3439 Aa
390 3355 490 3439 raaia
506 3384 574 3454 aaa.)
592 3387 711 3454 notari,
730 3389 775 3442 aa
812 3347 1348 3482 &053⁶qssfmssgffisrgdgssofffi

223 3453 394 3508 mammae
412 3457 532 3559 ecanae.
567 3456 669 3559 Fsslffg
743 3548 749 3560 ,
812 3486 886 3547 atne,
907 3483 1019 3548 Pruna,
1040 3484 1152 3549 onere,
1174 3485 1246 3539 nnn
1263 3477 1348 3554 rpem

259 3557 318 3608 519.
340 3543 429 3598 Multa
436 3544 567 3613 fuerant.)
593 3543 686 3600 Nescio
706 3564 776 3615 qun,
812 3553 969 3613 Lueretius;
999 3553 1050 3618 Qui
1064 3551 1128 3607 verb
1141 3570 1184 3607 res
1194 3554 1243 3608 bae
1257 3561 1348 3609 emt*

223 3612 313 3668 Multa
325 3614 439 3679 flentur:
477 3615 523 3669 ina
543 3612 686 3669 observatio
704 3616 777 3671 nulla
812 3622 914 3689 plotus,
935 3622 980 3690 qui
997 3620 1108 3686 Nubes,
1128 3623 1156 3676 dt
1171 3622 1275 3678 Imbres
1290 3613 1349 3676 od·

225 3682 269 3738 est.
812 3693 901 3754 deret,
931 3691 975 3759 qui
995 3692 1105 3759 denique
1123 3693 1211 3746 varias
1226 3689 1349 3760 Principia

260 3780 319 3833 52²·
338 3762 479 3831 asanaa)
509 3765 682 3820 Humoremt³
706 3765 777 3820 coelo
811 3777 870 3813 rum
894 3757 1009 3825 formas,
1038 3757 1156 3827 figuras,
1181 3755 1348 3831 morusqaei·

226 3832 354 3905 delapsum
367 3834 462 3885 iterum
478 3837 660 3903 atqueitcrum
677 3832 777 3890 [ursum
811 3830 895 3910 aninlo
915 3828 1029 3892 habeat,
1059 3827 1109 3881 Ille
1123 3828 1228 3898 reliqua
1246 3837 1369 3954 (ΣΠΗᾌ.

224 3906 304 3961 halat,
341 3903 483 3958 Lambinus,
811 3897 973 3965 explicantut
990 3897 1110 3952 Meteora
1131 3901 1254 3953 commod
1287 3893 1350 3965 expl·

260 4021 317 4073 523.
338 4003 524 4065 nemausa,
546 4000 621 4070 ac.)
653 4002 692 4056 oe
708 4001 777 4056 aaa
804 3982 868 4027 ‘³¹⁶
885 3965 968 4034 potat.
995 4053 1001 4065 ,

220 4092 322 4142 panca,
343 4092 368 4128 v.
383 4088 406 4139 3.
426 4089 509 4139 neque
519 4072 607 4125 multis
618 4088 691 4137 opus,
703 4093 708 4118 ι
721 4072 776 4137 uip-
828 4065 902 4133 530·
922 4052 1029 4106 Fluvlm
1046 4051 1162 4117 rtfmal
1172 4063 1261 4110 mer.
1277 4051 1292 4123 )
1307 4049 1349 4108 stt·

225 4162 257 4212 pe
283 4145 378 4199 nubem
400 4143 511 4196 totilam
532 4157 564 4193 ex
580 4138 684 4194 adverso
704 4090 775 4194 litam
809 4120 897 4189 gilius,

226 4213 353 4268 illustrant
363 4213 430 4268 Solis
443 4213 524 4273 radii,
546 4219 622 4278 atque
637 4210 696 4263 inde
707 4210 774 4261 Iris:
844 4235 925 4250 --
944 4207 1028 4261 Gracia
1046 4207 1130 4270 rursm
1146 4206 1271 4266 banaa
1296 4221 1350 4278 aqu·

225 4283 352 4347 Quoniam
364 4281 426 4336 verb
446 4277 512 4336 nibil
532 4280 563 4333 de
583 4278 712 4333 coloribus
731 4286 776 4329 aut
908 4295 972 4330 rum.
