3150 4967
468 470 646 553 LIBER
693 469 940 552 SEXTUS.
1208 489 1276 566 335

253 636 330 711 crim
348 636 481 711 Ventus
501 664 556 712 eas
575 639 692 711 leviter
714 636 842 710 diducit
863 636 1017 726 conteis,

238 730 383 816 ivitque,
408 730 527 801 cadant
543 729 680 818 ingratis
699 729 754 798 illa
772 725 931 799 necesse'st
1210 747 1280 818 215

237 844 297 904 nu,
322 841 396 907 quae
414 816 539 890 faciunt
559 816 743 907 fulgorem:
768 834 841 888 tum
861 814 930 888 fine
948 834 1035 890 tetro

237 933 306 994 ire,
331 909 364 979 ἃ
385 908 504 981 Sonitu
523 904 643 995 fulgit,
667 908 826 994 nulloque
845 908 1003 978 tumultu.

237 997 293 1068 rod
315 994 475 1085 superest,
502 999 590 1085 quali
611 1019 727 1069 nutura
746 994 882 1083 praedita
904 994 1053 1069 constent

242 1089 318 1173 inu,
343 1087 509 1159 declarant
525 1088 634 1167 ierus,
661 1085 818 1158 &inusta
840 1108 964 1173 vapore

237 1211 263 1261 ι,
289 1191 443 1263 notaeque
482 1177 589 1248 raveis
607 1173 754 1246 halantes
773 1172 912 1248 Sulfuris
933 1200 1039 1250 auras.
1209 1194 1279 1254 220

254 1268 342 1337 eninr
361 1263 439 1338 sunt
458 1201 549 1347 ᾔτεε,
574 1289 644 1337 non
661 1265 766 1336 Venti
785 1262 896 1354 signa,
923 1290 1030 1353 neque
1040 1264 1172 1338 Imbris.

237 1374 367 1442 ereren,
392 1379 450 1443 ρετ
468 1353 501 1427 se
520 1356 705 1427 accendunt
724 1378 856 1515 quogue
869 1359 954 1427 tetta
972 1356 1172 1437 domorum,

239 1446 298 1516 leri
317 1445 450 1516 flamma
468 1445 682 1517 dominantur
701 1445 738 1515 in
759 1468 788 1516 τε
812 1443 887 1516 ibus
915 1443 1002 1532 ipfis.

237 1535 325 1606 :tibi
346 1532 499 1606 subtilem
519 1534 726 1621 cumprimis
748 1533 881 1621 ignibus
907 1535 1019 1624 ignem

237 1624 327 1695 lituit
343 1643 462 1696 nutura
486 1625 650 1710 minutis,
676 1621 918 1711 mobilibusque
1210 1641 1280 1714 225

237 1713 372 1800 oribus,
397 1715 451 1785 cui
472 1715 519 1785 nil
539 1714 681 1785 omnino
704 1712 858 1799 obsistere
882 1709 989 1801 poffit.
1169 1717 1171 1721 ’

236 1801 276 1875 sit
298 1805 388 1875 enim
408 1803 515 1874 valide
537 1804 677 1875 Fulmen
701 1826 760 1891 per
784 1799 873 1962 seluta
891 1801 1093 1887 domorum,
1152 1875 1156 1882 .

239 1917 277 1963 or
294 1894 368 1979 uti,
392 1917 430 1965 ac
442 1894 572 1965 Voces:
599 1892 715 1965 ttunfit
731 1916 789 1981 per
820 1916 903 1978 axa,
930 1916 987 1979 ρετ
1007 1915 1093 1961 aern:

236 1982 363 2070 quidum
381 1988 506 2070 punito
526 1980 604 2054 fucit
625 2007 669 2055 aes
689 1984 724 2053 in
748 2002 920 2070 tempore,
947 1983 1129 2054 &nurum

236 2072 347 2143 tritem
369 2092 408 2143 ut
427 2070 511 2144 vasis
530 2073 668 2160 integris
689 2071 779 2142 Vina
795 2088 930 2158 repente
1209 2090 1279 2164 230

238 2162 353 2250 giant,
382 2161 458 2249 quia
476 2162 637 2233 nimirum
655 2158 748 2232 filcile
767 2162 881 2231 omniu
904 2161 1029 2232 circum
1202 2179 1207 2194 ’

236 2268 328 2336 εκεῖ,
352 2271 488 2338 roreque
504 2248 582 2322 facit
604 2252 794 2323 lateramina
814 2247 899 2322 vnsrs
1028 2268 1036 2278 “

237 2340 331 2411 niens
349 2339 437 2412 color
458 2341 530 2433 ejus
548 2358 587 2412 ut
604 2338 788 2413 infinuutur
809 2340 846 2410 in
864 2300 994 2428 ipium:
1019 2339 1053 2411 tc

236 2431 319 2501 iliter
336 2426 467 2502 solvens
486 2425 596 2503 differt
613 2429 793 2518 primordia
802 2430 904 2500 Vini:

236 2519 246 2590 l
268 2520 353 2594 Solis
372 2542 476 2608 vapor
490 2538 623 2592 aetutem
637 2544 707 2592 non
729 2516 815 2609 posse
835 2518 966 2591 videtur
1210 2532 1280 2607 235

1161 2622 1280 2699 Effice·

236 2911 356 2985 tignis,
377 2930 432 2984 quae
451 2914 480 2968 in
492 2912 614 2970 Nubibus
634 2930 696 2969 con·
723 2910 863 2970 subtilitati
882 2913 956 2970 illiue
976 2914 1048 2983 Ignis
1067 2911 1272 2971 attribuendum.

236 2999 280 3049 u,
307 2985 335 3038 vi
351 2986 377 3038 &
396 2985 496 3052 impetu
513 2984 592 3039 Venti
608 2986 692 3053 expri·
760 2999 822 3049 219.
843 2983 1044 3053 Immemor,
1066 2984 1143 3052 tic.)
1177 2983 1278 3039 Recta-

236 3071 285 3118 rm,
307 3070 333 3107 v.
348 3067 371 3117 5.
395 3052 457 3107 licet
475 3070 527 3107 non
546 3070 578 3107 ex
597 3055 693 3107 timan-
727 3054 771 3107 uae
795 3050 905 3106 fulmine
921 3052 980 3106 ustae
1006 3053 1147 3117 videntur,
1176 3054 1203 3107 ἃ
1222 3052 1277 3107 illie

236 3138 311 3175 amen
326 3120 436 3176 diductis
454 3124 480 3176 ἀ
499 3070 623 3175 «libralis
636 3122 693 3176 Nu·
727 3126 789 3177 odor
799 3120 962 3189 sulphureus.

235 3190 349 3258 partibus
370 3192 488 3244 decidant
511 3188 609 3245 neceffe
634 3191 688 3256 est,
761 3206 821 3245 222.
842 3189 965 3256 Perse.)
984 3185 1180 3255 numqaum,
1201 3189 1276 3269 Sape.

238 3261 298 3313 inde
311 3259 369 3313 lene
380 3259 447 3313 illut
467 3260 566 3313 &mite
580 3258 690 3327 Fulgnr‚
761 3268 821 3318 228·
844 3260 937 3311 Clamor
953 3259 993 3309 uti
1006 3276 1034 3308 oc
1057 3254 1165 3323 Voces.)
1201 3256 1272 3320 nbi,

235 3330 322 3382 umine
339 3329 427 3381 oculos
445 3326 615 3396 perstringit,
634 3328 694 3381 nul·
730 3330 822 3381 clamor
838 3332 877 3380 uti
897 3326 974 3383 Votis.
1012 3324 1062 3379 Sed
1081 3332 1152 3380 totns
1165 3324 1279 3379 hiever-

235 3414 275 3451 em
290 3397 405 3451 Tonitru
439 3395 542 3450 eccellit
558 3397 654 3451 Aures.¹
728 3395 769 3452 lus
785 3394 867 3451 abesse
880 3394 969 3465 potest.
1197 3401 1202 3414 ¹

235 3506 238 3518 .
265 3464 408 3535 Ingrutr's.)
451 3464 499 3520 elit
514 3464 605 3529 nolit,
635 3481 694 3519 nam
763 3479 821 3534 232.
842 3464 997 3526 luterumina
1011 3459 1104 3528 Vasti.)
1121 3459 1278 3517 Dollaenlm

235 3535 254 3587 is
275 3534 389 3589 nubibus
408 3532 506 3589 neccffe
530 3533 566 3588 est
583 3532 695 3589 inclusas
728 3536 829 3589 vinaria
845 3533 953 3588 latericii
971 3530 1056 3600 operis
1074 3538 1165 3595 erant,
1193 3529 1278 3586 Hom·

235 3600 356 3658 scintillas
380 3619 523 3672 erumpere.
728 3605 781 3667 tio,
811 3601 903 3668 Testa.
926 3600 1106 3661 &exLatete
1123 3598 1276 3665 lateranen,

235 3713 237 3721 .
265 3672 339 3742 ,Quod
352 3671 474 3741 superest,
503 3672 587 3740 quali,
623 3670 694 3741 διο.)
728 3681 759 3728 ut
775 3685 810 3727 ex
824 3668 906 3727 Ferro
917 3670 1062 3736 Ferrcmm,
1082 3682 1117 3723 ex
1132 3666 1280 3724 AEteAEn·

235 3740 343 3796 Fulmen
369 3749 429 3795 urat
445 3757 485 3796 rec
504 3740 604 3806 nuni,
635 3740 695 3795 cum
728 3758 799 3804 mm,
819 3740 868 3795 &c

250 3810 388 3874 incentat,
418 3811 468 3865 &c
505 3812 636 3864 neminem
656 3812 695 3863 vi·
763 3822 821 3878 235·
843 3804 984 3876 AEtnttm.)
1019 3802 1183 3868 Terentius,
1203 3802 1274 3859 Eun.

235 3879 327 3943 niejus
340 3879 570 3961 nancramigneam
587 3877 696 3933 efferlif-
729 3878 824 3945 ΑΜ.
837 3878 878 3932 Sc.
891 3892 914 3944 5.
943 3875 1094 3942 jamdudum
1113 3883 1207 3927 atacem
1225 3875 1279 3926 litu

234 3946 695 4087 conuictumue
720 3939 1280 4090 nrcnuluclnunlu

235 4035 382 4153 liquefacit,
413 4085 482 4156 quod
507 4085 570 4141 Vale
592 4088 694 4154 integro
729 4083 863 4148 Lucilius,
892 4084 929 4138 Ut
945 4086 1030 4136 multos
1051 4081 1200 4158 menfisque,
1218 4080 1278 4143 cti&-

235 4154 263 4207 rit
281 4154 426 4221 liquorem,
459 4153 503 4209 vel
526 4154 589 4209 facit
609 4164 639 4209 ut
657 4152 694 4208 ef·
728 4171 793 4223 quer
810 4171 858 4207 non
874 4162 954 4207 mmm
971 4160 1085 4206 Mem:
1104 4149 1230 4204 Donatus.

253 4222 281 4275 id
299 4224 403 4290 quinem
420 4226 521 4293 pernici
537 4225 637 4288 motui,
666 4226 693 4278 8τ
1188 4231 1191 4236 “
