3150 4967
252 402 337 475 no
625 367 1012 480 nru'oarrn

250 554 397 663 Nostere
416 576 455 631 ut
471 556 550 632 hine
568 556 690 649 poffis,
714 557 806 649 prius
826 587 962 637 ornnem
983 561 1095 638 efflare
1117 563 1274 641 colorem

251 647 449 734 Paluculas,
473 650 572 737 quim
590 647 755 723 discedant
772 652 815 724 ad
834 654 966 727 Semina
985 677 1107 728 rerum.

295 736 484 823 Postremo,
530 741 665 811 uoniam
688 764 759 811 non
782 743 896 814 omnia
914 745 1062 834 Corpora
1085 762 1206 818 vocem
1322 747 1325 752 ’

248 826 385 900 Mittere
409 762 582 932 conceiis,
605 852 712 932 neque
733 830 911 904 Odorem:
936 852 1108 923 propterea
1124 829 1177 921 fit,

248 916 298 989 Ut
320 938 391 987 non
410 915 567 988 ommbus
586 917 744 989 attribuas
763 920 919 1007 Sonitus,
955 921 1160 997 &Odoreee
1311 931 1368 1018 344-

248 1005 323 1091 Sic,
348 1006 466 1093 Ooulis
487 1006 648 1092 quoniam
670 1031 742 1079 non
760 1010 873 1081 omnia
903 1033 1034 1084 cernere
1099 1013 1199 1094 imus,

247 1093 337 1167 Seir't
361 1095 455 1179 licet,
480 1095 632 1181 quaedam
647 1112 715 1167 tam
735 1096 882 1170 constare
905 1099 987 1174 orba
1007 1101 1141 1187 Coore,
1192 1101 1195 1106 ’

247 1186 361 1273 Quina
380 1180 448 1254 fine
465 1182 581 1254 Odore
591 1183 668 1255 -ullo
686 1187 859 1273 quaedam,
884 1189 1007 1261 Sonitu
1025 1211 1068 1261 ue
1084 1208 1245 1268 remotae.

245 1269 321 1346 Nec
341 1272 449 1342 minirs
471 1269 542 1348 haec
557 1274 710 1345 animum
731 1274 925 1368 cognoscere
943 1302 986 1367 po
1011 1276 1204 1369 esagaoem,

246 1360 361 1446 erim
384 1385 457 1448 quae
475 1357 551 1433 sunt
569 1363 639 1438 aliis
656 1365 755 1436 rebus
774 1367 923 1453 privata,
946 1364 1111 1459 notisque.
1306 1382 1366 1461 840

291 1449 354 1522 Sed
374 1474 417 1520 ne
440 1447 524 1522 forte
541 1470 636 1538 putes
661 1450 731 1524 solo
747 1448 882 1541 spoliata
901 1457 1022 1528 Colore

245 1538 393 1626 Orirpora
412 1540 517 1629 prima
536 1553 692 1611 manere:
718 1544 827 1614 Etiam
847 1541 966 1615 secreta
987 1545 1129 1634 Teporis

243 1630 351 1714 Sunt,
376 1653 414 1700 ac
436 1630 579 1717 Frigoris
604 1631 765 1718 omnino,
789 1632 946 1720 calidique
963 1635 1125 1721 Vaporise

241 1718 285 1788 Et
305 1719 422 1791 Sonitu
442 1716 569 1805 sterila,
594 1722 747 1791 &Sucoo
771 1721 881 1811 jejuna
903 1720 1080 1794 feruntur:

241 1808 316 1878 Neo
336 1808 457 1893 jaciunt
475 1809 581 1880 ullum
601 1808 801 1896 proprio'de
820 1834 956 1897 corpore
975 1812 1138 1883 Odorem.
1302 1828 1364 1906 845

241 1897 333 1965 Sicut
350 1898 533 1967 Amaracini
550 1897 729 1980 blandum,
750 1901 931 1986 stauaeque
950 1900 1128 1987 liquorem,

240 1982 284 2054 Et
305 1984 411 2056 Nardi
431 1984 574 2074 florum,
597 1989 709 2059 netlar
725 1988 786 2077 qui
803 1989 938 2061 naribus
958 1988 1084 2077 halant,
1346 2015 1350 2046 ε

258 2275 331 2350 τῇ.
359 2283 481 2353 ruarmo
568 2286 649 2356 'm.)
673 2285 784 2343 Deorum
816 2304 900 2357 neque
924 2291 1053 2355 Colorem,
1074 2307 1093 2344 rr
1124 2305 1158 2345 ue
1173 2289 1284 2358 Frigus,

236 2368 262 2406 v.
280 2356 472 2421 8.prenritadv
512 2355 587 2409 arios.
618 2356 785 2410 Omnescon·
816 2306 1126 2430 constantlparticulis‘i
1137 2358 1311 2427 Corporeemi

235 2423 331 2475 aedunt
348 2440 378 2476 ea
398 2423 509 2489 Corpora
541 2441 579 2483 uae
592 2423 674 2492 Nares
689 2422 782 2479 sentire
816 2427 934 2482 emittere
951 2427 1048 2481 ualent.
1084 2425 1196 2489 Tertio,
1225 2425 1254 2481 Si
1275 2428 1365 2484 Molli·

234 2500 363 2559 nequeant
383 2492 488 2545 inodora
542 2510 576 2553 ee
610 2491 660 2546 illa
680 2490 782 2561 insuper
813 2495 894 2561 tiern,
914 2496 1126 2558 Lentitudinem‚
1145 2494 1365 2562 Raritatem,l·'ra·

232 2558 660 2635 queellutesaorraudiuntsonum
676 2562 782 2615 nonha-
813 2563 959 2632 gilitatem‚
996 2566 1046 2618 Sto.
1077 2562 1361 2633 Seminibusappones,

233 2633 302 2686 bere.
341 2631 436 2697 Quidni
448 2631 529 2699 igitur
539 2627 671 2684 fatendum
686 2629 782 2685 illaet·
813 2631 947 2686 mutabilia
955 2628 1058 2700 insuper
1069 2628 1182 2695 efficies,
1204 2634 1231 2686 δι
1247 2633 1364 2689 interitui

231 2701 285 2754 iam
296 2700 409 2767 Corpora
441 2715 479 2753 uae
493 2699 569 2753 Oculi
581 2700 651 2767 perol
670 2713 712 2752 ere
728 2716 780 2757 nou
812 2700 943 2767 obnoxia,
964 2700 1071 2769 ideoque
1084 2699 1138 2755 Res
1154 2701 1183 2754 in
1201 2700 1364 2757 nihilumre·

231 2715 780 2848 valentelseCoiorurnexpertiaoi’Dequa·
812 2767 935 2822 ciderunt.
1282 2809 1285 2815 2

231 2834 481 2891 litatibuaenimsoli
493 2834 578 2890 sensus
587 2836 711 2902 judrcant,
733 2850 779 2890 nec
846 2844 905 2900 844·
926 2834 1172 2905 EtSonitrtsterila.)
1190 2835 1270 2906 Vulg.
1289 2839 1363 2892 »Seri-

231 2906 387 2959 eredendum
397 2904 432 2959 est
447 2903 528 2959 ullam
536 2904 687 2972 qualitatem
702 2903 779 2956 alicui
810 2904 862 2957 lio:
881 2904 931 2958 Sed
938 2903 1006 2959 reite
1018 2905 1114 2967 sterila,
1126 2912 1157 2959 ut
1166 2905 1285 2971 Deform
1295 2906 1372 2974 apud·

210 2985 212 2992 '
231 2975 341 3043 Corpori
357 2981 522 3041 competere,
542 2971 619 3041 quim
636 2971 679 3026 illi
694 2967 779 3025 setrius
811 2971 1024 3028 Tertullianum:
1044 2972 1126 3028 alib.
1137 2973 1160 3027 1.
1173 2989 1200 3027 v.
1220 2985 1279 3039 341.
1302 2976 1363 3029 Sab-

230 3059 284 3098 non
303 3042 457 3098 attribuunt.
810 3042 878 3094 uma.
901 3075 904 3080 -

184 3102 189 3111 ’
264 3122 323 3178 341.
343 3111 389 3164 Sal
403 3128 432 3163 ne
441 3109 601 3178 forteputes,
623 3104 690 3175 ott.)
710 3106 778 3161 Satis
845 3114 904 3173 846.
923 3106 1091 3178 amaracini.)
1109 3106 1162 3172 Qui
1173 3106 1250 3229 &ura
1264 3108 1297 3189 de
1314 3123 1362 3164 rru-

230 3180 409 3235 deaoloribut.
446 3178 638 3233 Caterisetiam
658 3176 777 3229 omnibns
847 3176 1007 3241 entisvelit,
1026 3174 1158 3241 Plinium,
1198 3173 1358 3241 roloornlenr,

229 3247 415 3315 qualitatibus,
435 3246 534 3310 Odore,
559 3245 683 3311 Frigore,
704 3243 778 3297 Calo·
810 3191 1016 3312 inheophrastnm
1030 3279 1056 3307 ,.
1088 3244 1240 3299 Athenaeum
1350 3282 1358 3298 .

228 3332 276 3379 re,
297 3316 383 3379 Sono,
403 3314 573 3376 Humilitate,
594 3312 697 3379 Sapore,
706 3310 777 3365 Mol·
806 3311 902 3377 Qualia
922 3313 1007 3381 qualia
1017 3308 1076 3368 lunt
1095 3320 1248 3380 unguenta,
1272 3330 1288 3366 e
1320 3329 1361 3366 era

226 3382 303 3448 filie,
323 3383 506 3447 beatitudine,
526 3380 661 3445 Raritate,
680 3382 730 3435 &o
747 3396 773 3436 v.
809 3378 1155 3449 estargumentilucretiani
1164 3382 1205 3434 ris
1221 3381 1351 3435 &virtue

226 3464 270 3516 22.
300 3448 344 3506 sua
374 3449 470 3504 semina
494 3464 580 3504 carere
612 3448 773 3503 demonstrat.
843 3458 902 3515 847.
923 3450 1006 3503 Nordi
1014 3447 1132 3517 stom.)
1155 3446 1297 3502 Lambinus
1311 3450 1361 3516 fle·

226 3518 327 3573 ‘litibus
345 3521 430 3572 utitur
449 3516 623 3586 argumentis,
645 3519 728 3585 primo
747 3517 776 3571 Si
808 3534 889 3571 rem:
917 3513 960 3570 llo
977 3525 1103 3580 neutum,
1133 3515 1187 3569 viz.
1216 3532 1250 3569 err
1277 3516 1371 3571 Nardi.

225 3588 330 3642 odorem
344 3587 491 3641 Seminibus
502 3584 640 3649 concedar,
660 3586 775 3640 turbabis
808 3586 872 3639 flore
881 3581 956 3638 confe
1000 3601 1035 3638 m.
1072 3581 1295 3651 Solenneoptimie
1315 3600 1360 3638 aa·

224 3656 329 3721 carnia,
359 3653 500 3709 Gratiffimi
522 3652 620 3707 Odores
642 3653 775 3708 Seminurn
808 3653 1041 3720 thoribusidquotl
1049 3653 1174 3710 eximium
1189 3650 1360 3721 cuiusquerei

224 3723 325 3791 grave·
335 3722 461 3778 olentium
487 3722 637 3786 interventu
651 3718 774 3777 sordesce-
808 3719 912 3776 Florem
923 3720 1070 3789 appellare:
1090 3722 1134 3775 Sic
1150 3719 1207 3774 aas
1221 3723 1279 3774 viai
1291 3720 1372 3788 apud:

223 3800 300 3857 rent,
326 3794 403 3846 utin
429 3790 610 3857 componendis
633 3792 774 3859 unguentis
807 3789 946 3852 Plautum,
976 3787 1033 3843 rus
1042 3789 1154 3856 stem
1174 3788 1243 3856 apud
1263 3786 1362 3844 Lucre·

221 3857 373 3915 niliartilex
381 3858 482 3912 inolens
492 3858 586 3912 Oleum
598 3856 709 3921 misceat,
719 3856 774 3913 lua·
807 3859 891 3914 tium:
910 3859 967 3912 Flos
972 3860 1058 3926 populi
1066 3855 1277 3925 apudEnniurnz
1369 3898 1372 3902 .

223 3926 318 3982 villimi
332 3929 425 3982 odores
446 3927 479 3979 ab
503 3924 568 3979 Oleo
581 3941 773 3993 eorrumperen·
831 3928 897 3985 ‘Flos
914 3927 1019 3980 illibatus
1032 3927 1138 3995 populi,
1160 3924 1290 3993 foedaque
1309 3941 1359 3980 ore·

221 4003 276 4051 tur.
312 3995 385 4052 Idem
404 3995 482 4050 etiam
501 3994 532 4048 de
550 3992 665 4060 Sapore,
692 3995 770 4059 Seno,
904 3995 977 4046 aula.
1363 4041 1368 4048 .

220 4063 332 4131 calore,
352 4064 391 4121 s&
407 4062 515 4130 Frigore
538 4062 682 4115 dicendam.
728 4062 772 4116 Se·
805 4051 933 4116 Festuein
949 4065 1013 4118 enee
1029 4056 1141 4115 Nesimi
1175 4058 1207 4119 ‘tt
1306 4107 1333 4120 ..

219 4133 326 4198 wallo,
354 4131 458 4204 Semina
484 4130 566 4185 dividi
585 4126 778 4197 non-poliant,
809 4149 812 4154 ·
839 4131 875 4185 Er
893 4129 1074 4199 Nortiflereto
1093 4129 1129 4187 Ν
1160 4144 1189 4183 ar
1204 4128 1247 4197 qua·
1255 4128 1368 4197 floribus·

219 4202 329 4272 ideoque
343 4216 391 4263 nee
411 4200 529 4268 odam,
546 4212 630 4267 aeque
645 4200 769 4268 Soporem,
900 4198 975 4257 balet..
1302 4245 1319 4256 ,.
