3150 4967
491 433 674 520 traua
710 402 961 516 Paratus.
1248 444 1294 524 n

234 597 327 673 imili
347 600 622 693 ratiorreHerbas
647 600 785 764 guoque
803 599 887 688 saepe
911 596 1067 687 decebat,

234 693 316 762 ‚ticis
331 692 454 764 dulceis
479 714 612 781 guttas,
660 694 808 778 tmilique
821 689 934 778 sapore
1226 696 1294 772 885

234 805 308 861 ere,
336 783 489 870 lanigerae
507 784 595 870 quali
610 779 687 854 sunt
708 782 812 854 ubera
833 781 945 852 lactis:

234 893 278 941 'et
300 873 333 941 &
356 873 470 943 Glebis
484 891 647 944 terrarum
663 867 747 958 saepe
766 867 871 942 friatis
969 913 972 918 ·
1051 921 1090 946 ·.

234 984 343 1030 mum
363 986 505 1049 genera,
532 964 565 1033 ἃ
586 958 719 1050 fruges,
743 955 951 1046 frondeisque
968 954 1075 1028 videri

234 1052 351 1136 ertim,
376 1059 475 1138 atque
496 1053 532 1123 in
552 1052 665 1125 Terris
684 1050 809 1122 latitare
833 1047 980 1120 minute:

234 1142 342 1225 emb,
368 1140 403 1216 in
430 1141 544 1229 Lignis
564 1142 707 1212 cinerem
734 1135 932 1226 fumumque
956 1134 1086 1221 videri,
1223 1143 1291 1219 890

253 1226 428 1315 praefrana
447 1227 577 1319 forent,
603 1227 769 1318 igneisque
790 1230 888 1300 latere
908 1227 1067 1298 minutos.
1176 1259 1179 1264 ·

233 1319 378 1390 rumnil
398 1318 472 1391 fieri
490 1320 647 1408 quoniam
667 1314 837 1389 manifesta
854 1316 951 1389 docet
966 1340 1044 1403 res,
1142 1355 1145 1360 ·
1185 1354 1189 1362 ·
1237 1345 1240 1354 ·

250 1409 332 1478 licet
349 1433 418 1479 non
437 1405 497 1480 else
514 1411 549 1480 in
567 1409 668 1479 rebus
690 1432 742 1479 res
764 1408 810 1478 ita
830 1406 959 1498 mistast

233 1522 275 1567 im
295 1494 421 1568 semina
444 1498 650 1571 multimodis
669 1495 812 1568 immista
836 1496 935 1567 latere

233 1612 339 1657 arum
357 1589 524 1659 rerumin
540 1587 639 1659 rebus
658 1586 850 1658 communia
871 1584 1002 1656 debent.
1222 1595 1289 1672 895

252 1674 342 1764 saepe
365 1677 401 1747 in
422 1679 549 1766 magnis
572 1676 613 1749 fit
632 1674 826 1761 montibus,
851 1675 981 1762 inquit,
1006 1689 1046 1745 ut
1066 1671 1138 1744 altis
1189 1715 1192 1723 -

235 1766 335 1837 ribus
357 1767 466 1837 vicina
488 1768 658 1838 cacumina
675 1761 804 1836 summa
824 1781 973 1835 terantur
1028 1829 1031 1835 ,
1081 1825 1084 1830 .

233 1852 312 1941 ·se‚
339 1856 457 1927 validis
475 1854 579 1927 faeere
603 1855 637 1926 id
658 1856 852 1944 cogentibus
873 1852 1023 1939 bustris,

233 1969 265 2016 ee
285 1941 446 2017 frdserunt
465 1944 606 2022 flammae
625 1942 753 2033 fulgore
773 1959 916 2015 coorto:
1074 1993 1077 1998 -

233 2056 298 2105 et:
326 2038 358 2105 ἃ
379 2059 450 2106 non
475 2035 521 2108 est
540 2036 637 2123 lignis
655 2054 766 2106 tamen
786 2031 903 2105 insitus
923 2030 1036 2120 Ignis,
1218 2054 1286 2121 900

232 2149 276 2194 m
300 2125 433 2197 Semina
453 2122 530 2197 funt
550 2125 685 2197 Ardoris
706 2124 831 2209 multa,
856 2122 993 2195 terendo
1029 2165 1034 2178 ι
1071 2167 1088 2180 ..
1144 2168 1148 2180 ·

234 2228 335 2287 scum
354 2214 566 2300 confluxere,
592 2236 701 2286 creant
722 2213 873 2286 incendia
891 2210 1002 2301 sylvis.

232 2304 251 2375 l
275 2301 299 2374 fi
320 2323 412 2375 tanta
433 2302 518 2375 l'oret
539 2301 638 2391 sylvis
657 2300 846 2375 abscondita
867 2303 997 2385 llumma
1008 2353 1021 2390 ‚

248 2390 377 2481 pollent
395 2395 500 2464 ullum
520 2412 650 2482 tempus
670 2393 809 2465 celarier.
822 2394 941 2483 Ignes:
1187 2442 1191 2452 -
1282 2482 1284 2486 Ι

232 2481 360 2564 iterent
377 2485 482 2581 volgi>
499 2480 631 2575 sylvas,
657 2473 800 2556 Arbusta
824 2501 1015 2555 cremarent.
1163 2574 1185 2662 J
1214 2508 1282 2576 905

1186 2598 1283 2646 amne

232 2780 331 2832 tagora
349 2760 478 2819 sententia
495 2761 646 2827 ventilet,
666 2778 699 2818 ex
732 2764 776 2832 qui
786 2781 840 2820 non
850 2765 986 2818 dicendum
996 2762 1082 2818 fuerat
1092 2762 1182 2817 Debent
1189 2759 1282 2819 sedile.

233 2834 285 2887 bus
305 2832 417 2887 interis
438 2834 556 2887 contritis
574 2836 697 2897 Colornn,
731 2836 800 2886 bere:
822 2834 922 2887 Faber:
938 2833 1160 2900 Sepeleguntur!
1181 2834 1281 2888 utinam
1346 2844 1349 2855 ⁴

246 2902 341 2970 lgnem
351 2919 462 2956 manare.
484 2902 608 2956 Haeille.
630 2902 698 2966 Qua·
731 2901 881 2957 indicaffet:
901 2902 936 2957 Et
948 2902 993 2955 ista
1002 2903 1032 2955 de
1052 2903 1281 2957 uenerationem

232 2972 356 3038 apidibus
378 2972 496 3025 contritis
510 2968 627 3024 scintilla
644 2988 696 3024 non
729 2967 857 3027 sententia
870 2980 945 3025 atrox
959 2969 1074 3039 proledb
1092 2971 1281 3026 &truculenta

231 3048 267 3094 rt:
300 3039 431 3104 Ejieiatur
449 3041 530 3107 igitur
547 3040 589 3092 hie
608 3038 696 3094 versus
729 3040 782 3104 est,
806 3043 833 3095 de
852 3058 907 3108 qua
919 3041 1045 3108 plurimos
1058 3040 1173 3094 Lucretii
1190 3039 1282 3095 versus

231 3116 393 3175 marturius,
415 3110 441 3163 δι
457 3108 579 3171 inutilis,
600 3108 696 3162 nefor·
729 3109 870 3176 jugularet.
1093 3149 1097 3156 -

231 3178 290 3244 gui,
313 3180 380 3245 quod
398 3179 450 3241 jam
468 3179 545 3245 Fayns
561 3177 640 3240 feeit,
663 3194 695 3230 ex
764 3185 822 3241 896.
845 3178 1095 3245 Atsaepeinmognis‚
1119 3174 1198 3246 Ede.)
1218 3177 1280 3231 Pro-

231 3246 378 3300 ieluderent
406 3247 544 3300 Lucretium
567 3244 693 3310 doeuilse,
728 3248 819 3313 ponit,
846 3244 973 3315 solvitque
993 3264 1019 3300 v.
1036 3261 1076 3298 ro.
1098 3245 1277 3313 quodAnaxa·

231 3332 253 3372 a
267 3314 356 3367 nostra
372 3316 482 3368 Saxis&
499 3316 537 3368 L'n
558 3316 630 3368 'diluo
647 3332 696 3367 nu·
725 3334 795 3383 goras
803 3316 910 3383 urgebat
921 3317 952 3369 ad
964 3315 1123 3382 probandum
1140 3315 1234 3368 Omnia
1248 3316 1277 3369 in

242 3383 379 3451 Interpres
398 3383 444 3441 tali
463 3329 563 3440 ferculi
582 3382 696 3452 digniffr-
729 3384 855 3439 Omnibus
864 3383 929 3449 elle,
949 3393 1025 3453 atque
1041 3385 1103 3439 adeo
1122 3383 1215 3437 Omnia
1234 3402 1279 3453 ge-

728 3454 813 3507 nerari
828 3470 861 3507 ex
873 3454 1008 3507 Omnibus.
1045 3452 1203 3522 Exemplum
1221 3456 1275 3509 viz.

256 3521 292 3574 Et
302 3518 418 3588 laticis.)
438 3520 547 3581 latices,
568 3538 599 3575 ex
612 3522 691 3575 Codd.
727 3523 822 3589 Ignis,
843 3523 886 3590 qui
898 3523 979 3577 latere
994 3522 1084 3578 debeat
1100 3524 1127 3576 in
1142 3524 1277 3580 arboribus

231 3606 303 3651 nus,
324 3588 494 3643 conveniebat
504 3590 573 3641 enim
582 3591 691 3653 latices,
727 3589 857 3645 collisione
868 3592 1015 3648 vehementi
1025 3590 1278 3662 ignoscentibusRe-

232 3674 298 3725 quat
315 3674 379 3724 quas
390 3665 481 3724 potant
495 3666 582 3723 guttas
594 3660 690 3723 dulces,
726 3658 832 3726 spondet
841 3662 980 3727 Lueretius,
1000 3663 1060 3717 Non
1071 3662 1162 3732 Ignem
1173 3665 1277 3731 quidem

231 3728 264 3782 tei
281 3723 380 3792 saporis
398 3729 510 3781 mittere.
547 3726 608 3781 Haec
627 3728 690 3788 ille;
726 3727 776 3783 effe
785 3730 813 3782 in
822 3730 913 3785 arbore
926 3727 995 3799 ipsa,
1016 3729 1058 3786 sed
1075 3740 1161 3786 tamen
1180 3730 1277 3784 lomina

231 3798 304 3848 utitis
323 3795 400 3849 duan
414 3795 615 3863 guttaslegunt:
645 3815 692 3851 nec
725 3799 798 3866 ignis
813 3796 856 3853 seu
877 3799 1017 3854 moloculas
1032 3800 1200 3864 atomorum,
1220 3818 1290 3868 qua,

231 3882 260 3918 o.
726 3876 831 3922 ccrtaae
840 3886 908 3922 nova
923 3871 1021 3924 ratione
1033 3865 1154 3936 ililpolitae
1166 3865 1180 3920 s
1194 3870 1275 3923 etiem

246 3932 507 4001 Quodsmtubuo.)
526 3931 581 3986 Alii
601 3933 693 4002 ,Quales
724 3936 796 4004 Ignis
804 3937 960 3993 exhibeant:
980 3956 1038 3990 nam
1046 3937 1160 4006 alioquin
1176 3886 1275 4005 lilgnis

231 4022 279 4055 ere.
725 4006 791 4059 Astu
801 4003 1150 4076 &reverainsylvisforct‚
1170 4007 1193 4059 is
1204 4007 1273 4061 haud

253 4069 349 4125 Verum
357 4068 452 4121 Semina
458 4071 611 4129 multimodis.
617 4068 690 4139 &e·)
725 4071 801 4129 dubii
813 4071 869 4129 suas
878 4078 947 4130 vites
958 4074 1047 4144 paffim
1058 4076 1205 4130 ostentaret.

233 4156 298 4192 osce
311 4134 398 4189 versus
406 4137 509 4193 aliunde
521 4138 572 4193 lruc
582 4140 691 4194 transla-
761 4152 820 4209 899.
840 4143 967 4208 Fulserunt
977 4146 1197 4211 Flarnmaefulgore
1210 4148 1280 4202 coiit·¹

230 4211 317 4270 inor,
337 4206 411 4269 (nam
420 4207 481 4260 alibi
491 4206 550 4274 plus
565 4205 641 4263 semel
653 4209 691 4263 le·
722 4213 778 4281 to.)
799 4212 851 4266 Alii
1213 4269 1217 4276 .

236 4274 355 4343 )at9ue
369 4275 427 4329 ided
443 4275 578 4334 tollendos.
613 4278 688 4335 Alio·
767 4281 1211 4358 stanimi'fulsei’untdgmeoino:
1248 4348 1297 4406 m

907 4356 966 4429 ὓς
1290 4367 1310 4403 t
