3150 4967
226 441 323 524 328¹
602 425 647 506 T.
667 421 989 508 -LUCRETII

228 599 316 683 Qus
332 588 484 678 fuerant,
508 589 586 666 iunt
604 593 730 682 placato
749 591 907 667 conversa
925 591 1050 667 fiuore.

272 685 422 771 Caetera,
450 706 524 770 quae
541 681 614 755 fieri
633 685 668 756 in
691 685 827 770 Terris,
851 685 913 756 coel
958 709 1003 757 ue
1024 700 1162 757 tuentsu

225 773 410 858 Mortales,
435 772 563 860 pavidis
585 774 662 844 cum
684 773 831 862 pendent
848 774 953 846 menti
977 777 1010 845 u’
1031 771 1117 863 saepe

225 859 388 936 Efficiunt
407 863 536 934 animos
553 861 707 934 humileis
723 860 902 936 formidine
924 863 1056 935 Divum
1065 913 1078 951 ‚

224 948 463 1040 Depreffosque
481 972 640 1040 promunt
659 952 700 1024 ad
718 971 864 1040 terram,
887 970 1059 1042 propterea
1076 949 1172 1041 qudd

224 1041 417 1131 Ignorantia
437 1037 606 1114 causarum
627 1039 775 1114 conferre
794 1044 948 1114 Deorum

224 1131 327 1219 Cogit
348 1129 391 1202 ad
409 1131 589 1220 imperium
608 1156 683 1219 res,
709 1135 743 1204 ἃ
761 1132 974 1204 concederet
1037 1154 1121 1203 umt
1149 1131 1186 1203 dt

225 1223 385 1307 Quorum
404 1244 543 1309 operum
563 1219 672 1294 causas
690 1222 782 1294 nulla
800 1223 928 1293 ratiom
946 1221 982 1292 vi
1005 1245 1062 1292 ere

224 1306 363 1382 Poffunr
385 1309 457 1382 haec
479 1308 552 1382 fieri
574 1311 702 1383 Divino
721 1313 862 1384 numine
881 1327 1010 1382 rentur.

224 1399 318 1472 Nam
336 1399 422 1470 bene
443 1400 500 1487 qui
519 1399 660 1472 didicere
680 1403 772 1473 Deos
789 1398 943 1473 securum
962 1423 1057 1488 agere
1076 1421 1211 1472 aevum:

225 1488 262 1561 Si
283 1509 396 1559 tamen
418 1489 544 1560 interea
564 1490 727 1563 mirantur
775 1514 841 1579 qua
859 1490 988 1562 ratione

225 1581 379 1665 Quaeque
400 1578 469 1667 geri
488 1575 633 1666 poss‘mt,
658 1604 680 1669 p
741 1581 844 1652 ertim.
857 1579 958 1652 rebus
977 1577 1118 1665 inillis,

226 1671 316 1757 Que
338 1663 455 1755 supera
478 1686 577 1756 caput
599 1667 743 1742 aetheriis
759 1687 940 1742 cernuntur
957 1669 995 1740 in
1012 1667 1105 1756 oris,

224 1754 353 1830 Rursus
371 1758 408 1828 in
431 1757 583 1845 antiquas
609 1756 798 1832 referunmr
819 1759 1039 1848 Relligiones,

222 1846 269 1920 Et
287 1846 456 1920 Dominos
477 1848 580 1920 aoreis
593 1845 777 1935 asciscunt,
802 1847 917 1920 omnia
931 1845 1020 1935 poffe

227 1938 327 2023 Qros
343 1934 452 2009 miseri
474 1936 635 2025 credunt,
659 1939 766 2026 ignari
783 1939 864 2025 quid
884 1954 983 2026 queat
998 1934 1083 2023 ede,

227 2025 322 2111 Qaid
345 2044 488 2113 nequeat
495 2055 507 2106 ς
531 2024 628 2099 finita
643 2026 784 2115 potestas
805 2026 948 2116 denique
965 2028 1084 2113 cuique

226 2117 384 2201 Qunam
404 2114 446 2186 fit
463 2117 612 2204 ratione,
636 2137 736 2205 atque
759 2115 823 2188 alce
836 2118 1000 2188 terminus
1020 2112 1163 2188 haerent.

226 2206 311 2291 Quo
331 2206 436 2292 magis
454 2223 599 2277 errantes
620 2224 690 2278 tota
715 2207 851 2294 regione
866 2203 1030 2277 feruntur.
1058 2234 1063 2244 ·

272 2295 361 2380 Quae
379 2291 440 2365 nisi
461 2291 586 2381 respuis
606 2320 648 2366 ex
669 2296 805 2382 animo,
829 2294 992 2383 longmue
1010 2291 1178 2379 remittis,

225 2383 303 2455 Diis
325 2384 463 2472 indigna
484 2383 657 2472 putando,
681 2385 852 2473 alienaque
869 2384 959 2472 pacis
980 2406 1120 2470 eorum,

225 2472 381 2545 Delibata
399 2477 513 2547 Deum
532 2498 590 2562 per
613 2491 648 2550 te
667 2474 729 2547 tibi
747 2474 887 2568 numina
911 2469 1022 2546 anea

227 2564 320 2650 Saepe
335 2564 497 2644 aderunt3
522 2588 592 2637 non
609 2562 702 2654 quod
719 2561 839 2636 violari
856 2560 986 2636 summa
1009 2563 1124 2634 Deum
1146 2559 1202 2635 vis
1325 2581 1360 2652 7ο

225 2649 348 2738 Poffit,
373 2676 413 2725 ut
435 2678 476 2725 ex
496 2655 544 2725 ira
563 2677 677 2740 poenas
696 2671 808 2743 petere
831 2652 972 2725 imbibat
993 2652 1118 2724 aereis:

227 2740 293 2814 Sed
313 2742 391 2827 quia
410 2744 501 2815 Tute
519 2742 580 2813 tibi
593 2741 717 2828 placida
736 2768 813 2814 cum
834 2767 913 2831 pace
932 2742 1061 2830 quietos

228 2828 420 2902 constitues
445 2854 584 2918 magnos
601 2831 726 2901 irarum
743 2832 880 2904 volvere
897 2829 1038 2902 fluetus:

227 2919 303 2992 Nec
321 2919 458 2990 delubra
474 2919 586 2991 Deum
604 2919 733 3007 placido
754 2945 832 2992 cum
852 2923 983 3008 pedore
1002 2917 1131 2991 adibis:

227 3008 266 3079 N
268 3030 326 3090 ec,
352 3007 393 3078 de
414 3033 550 3095 corpore
571 3033 645 3096 quae
665 3006 776 3081 santio
795 3009 975 3083 Simulacra
991 3006 1169 3101 feruntur,

226 3096 268 3168 ln
285 3099 424 3169 menteis
438 3096 617 3169 homiuum
636 3100 772 3170 Divinae
790 3099 909 3169 nuntia
931 3095 1068 3185 formae,

229 3183 398 3275 Suscipere
418 3186 490 3261 haec
504 3188 606 3260 anmi
628 3187 804 3276 tranquilla
828 3210 906 3274 pace
930 3186 1066 3259 valebis.

228 3276 312 3350 Inde
330 3277 442 3351 videre
467 3278 543 3350 licet
554 3327 568 3365 ,
593 3278 698 3367 qualis
719 3277 787 3365 jam
808 3278 878 3349 vita
894 3272 1059 3365 sequanu.

266 3578 309 3629 66.
332 3576 396 3631 Tota
406 3576 533 3647 regione.)
565 3577 638 3644 Alii,
660 3578 727 3633 Gaea
743 3597 783 3633 re·
819 3579 882 3633 dum
899 3585 993 3634 neutra
1005 3575 1064 3632 Vox
1081 3573 1146 3632 ferri
1161 3577 1257 3645 potest.
1305 3578 1364 3648 bego

230 3646 303 3699 tiore
721 3647 724 3654 '
818 3657 905 3702 autem
917 3649 1040 3709 Durata,
1058 3645 1231 3712 nidenan,
1250 3647 1365 3716 istamque

266 3720 311 3778 67.
333 3712 457 3781 longique
470 3718 590 3780 remittit,
609 3716 666 3770 Diis
684 3716 784 3783 indigna
819 3716 1023 3770 emendationem
1039 3713 1080 3767 illi
1096 3716 1142 3784 qui
1159 3711 1366 3783 sequuntur«-

230 3781 372 3851 purando.)
403 3780 456 3836 Alii
474 3782 719 3851 Longaquemuns,
739 3783 783 3840 vel
818 3782 859 3839 sus
872 3781 1035 3839 confirmant

232 3855 336 3905 reinitn's
355 3851 522 3917 Diriindignc
532 3862 623 3918 putare.
667 3852 725 3920 Ego
739 3869 783 3908 ve·
852 3863 896 3918 74»
919 3855 975 3906 Nec
984 3851 1091 3907 uuna
1099 3850 1218 3920 Dedo.)
1238 3851 1292 3908 iste
1306 3855 1368 3910 tuin

234 3918 275 3983 rb,
296 3920 547 3989 mummium
568 3922 785 3990 Didindi'gnapu-
819 3929 875 3976 etat
885 3917 1020 3975 vaniffune
1037 3919 1148 3989 Epicuri
1158 3922 1268 3988 opinio,
1289 3921 1369 3992 provi·

234 3989 314 4039 rande
354 3990 443 4057 Neque
463 4004 493 4042 ea
504 4004 554 4055 qua
569 3989 623 4043 Alii
631 3991 785 4058 interprete·
820 3992 924 4045 dentem
938 3991 966 4045 de
982 3991 1214 4044 omniacurantem
1226 3990 1315 4047 Deum
1324 3999 1370 4046 tet-

234 4055 449 4112 tioneusussum.
469 4053 591 4111 Heinfius
605 4067 709 4124 autem,
731 4060 786 4115 Pu-
819 4057 923 4113 ribilem
939 4055 996 4112 fore
1017 4059 1044 4113 dt
1066 4057 1247 4120 horrendume
1285 4061 1327 4115 Ite
1342 4065 1370 4114 uk

233 4131 296 4176 rara.
819 4144 953 4197 nunquam
965 4125 1015 4180 Dei
1026 4127 1112 4195 imago
1124 4127 1154 4180 iti
1170 4137 1371 4184 mentemme-

268 4197 312 4254 69.
341 4193 488 4259 Delibero.)
523 4192 565 4247 An
586 4194 711 4248 Delium
731 4193 785 4264 legi
819 4197 872 4260 rit,
893 4196 958 4264 quin
969 4203 1074 4264 mene,
1092 4196 1188 4263 timor,
1208 4193 1372 4256 axiensis

234 4260 334 4329 debeat,
348 4269 448 4320 certent
457 4261 599 4320 Lambinus
613 4262 782 4334 &Gifauiuu
820 4272 924 4337 quatur.
