3150 4967
844 318 1123 347 lxuulvbo
1176 318 1423 363 Atallglb
1457 318 1694 346 {ERN-buo
1732 318 2092 360 WLBULlquD
2130 318 2296 343 luxui.
2311 318 2389 343 υυ
2422 327 2439 343 ο

843 366 947 438 Ex
974 362 1105 435 hoc
1140 361 1343 450 usque
1389 364 1547 434 mari
1593 364 1933 450 Speluncae
1968 364 2230 436 Montis
2276 363 2362 433 ad
2401 362 2561 435 altas

843 455 1254 527 Perveniunt
1299 449 1523 524 subter
1561 449 1808 526 fauceis
1848 480 1867 523 ε
1916 453 2065 526 Hac
2108 455 2203 524 ire
2241 448 2587 524 fatendum
2607 450 2714 544 'st‚

848 542 895 578 “
939 544 1028 616 Et
1061 563 1402 631 penetrare
1454 544 1625 613 mari
1666 544 1927 630 penitus
1971 567 2075 614 res
2121 543 2301 631 cogit
2338 563 2606 631 aperto=

841 635 1060 719 Atque
1114 629 1339 704 efflare
1371 628 1588 714 foras,
1637 633 1918 721 ideoque
1955 633 2267 703 extollere
2301 630 2645 722 flammaS,

844 725 1146 811 Saxaque
1188 720 1550 812 subjedtare
1585 772 1610 809 ,
1662 724 1726 794 &
1762 745 1976 793 arenae
2019 721 2250 794 tollere
2283 722 2575 795 nimbos.

837 812 919 884 In
947 810 1211 884 summo
1260 810 1414 886 sunt
1449 813 1788 900 ventigeni
1823 812 2125 884 Crateres
2152 862 2178 898 ,
2226 828 2304 883 ut
2346 808 2466 900 ipfi

838 903 915 974 Ν
916 903 1301 988 ominitant,
1350 903 1502 975 Nos
1534 926 1696 989 quas
1732 902 2003 974 Fauceis
2045 900 2510 989 perhibemus,
2563 902 2630 974 &
2671 900 2836 974 Ora.

932 991 1106 1063 Sunt
1146 992 1400 1080 aliquot
1435 1015 1701 1079 quoque
1740 1015 1844 1064 res
1864 1041 1889 1078 ‚
1939 1015 2222 1079 quarum
2261 1015 2467 1063 unam
2503 991 2721 1063 dicere
2766 1016 2836 1064 ca

836 1078 911 1152 N
916 1103 1007 1149 on
1054 1078 1205 1152 stitis
1251 1079 1344 1151 est
1370 1131 1394 1166 ,
1446 1083 1682 1152 veritm
1782 1081 1979 1153 lureis
1997 1131 2022 1168 ,
2071 1081 2251 1153 unde
2290 1104 2422 1152 una
2461 1099 2690 1154 tamen
2738 1078 2836 1155 fit.

838 1169 1103 1256 Corpus
1155 1189 1234 1241 ut
1274 1169 1662 1241 exanimum
1742 1194 1767 1241 1
1809 1170 1989 1259 quod
2022 1169 2251 1259 procul
2291 1168 2424 1258 ipse
2455 1170 2669 1261 jacere

837 1257 1216 1348 Conspicias
1256 1259 1574 1332 Hominis
1603 1286 1621 1329 ε
1672 1257 1753 1333 fit
1786 1278 1868 1332 ut
1908 1262 2166 1331 omneis
2205 1259 2422 1332 dicere
2456 1256 2680 1334 causas

838 1349 1224 1422 Conveniat
1288 1348 1449 1422 lethi
1470 1399 1495 1436 ‚
1546 1349 1805 1422 dicatur
1845 1371 1926 1422 ut
1963 1350 2137 1421 illius
2188 1374 2342 1421 una.

833 1437 1019 1512 Nam
1060 1463 1278 1529 neque
1322 1463 1480 1513 eum
1516 1435 1694 1513 ferro
1711 1489 1737 1527 ‚
1785 1463 2000 1531 neque
2039 1436 2284 1530 frigore
2320 1439 2587 1513 vincere
2628 1437 2836 1532 poffis

2772 1620 2836 1696 11

899 1908 1019 1969 693.
1054 1900 1311 1975 Animai'.)
1365 1902 1561 1961 Venti:
1603 1904 1782 1973 Alibi,
1824 1904 1936 1963 Ho-
1997 1913 2241 1973 penetrare
2278 1912 2472 1975 aperto,
2512 1905 2569 1961 id
2588 1902 2665 1961 est
2682 1941 2703 1971 ‚
2741 1922 2836 1975 per

828 1974 1029 2038 retine,
1095 2003 1106 2010 ⁸
2001 1971 2090 2028 seu
2128 1991 2220 2042 per
2242 1975 2362 2029 illas
2392 1973 2586 2031 fauces.
2662 1974 2825 2030 Istam

895 2041 1157 2111 Impeaunt
1177 2041 1375 2097 Animae
1407 2044 1556 2097 lintea
1599 2043 1840 2099 ivn-acia.
2001 2042 2252 2098 tationem
2271 2041 2453 2100 vitiosa
2471 2060 2603 2099 nuce
2623 2060 2727 2099 non
2752 2062 2836 2100 em

896 2118 1017 2177 698.
1059 2112 1132 2167 Et
1158 2121 1405 2183 penetrare
1424 2113 1580 2167 Mari
1596 2151 1615 2179 ,
1659 2112 1813 2179 διο.)
1864 2110 1936 2165 Δ-
2001 2111 2172 2180 placet
2207 2130 2314 2167 vox
2362 2113 2589 2166 Anium
2611 2149 2631 2176 ,
2682 2111 2792 2183 leg.

827 2178 888 2235 lii
908 2218 926 2243 ,
2001 2192 2163 2247 αρσια
2186 2218 2206 2245 ,
2246 2189 2307 2237 ut
2344 2181 2504 2245 alibi,
2548 2181 2836 2247 Mmfestn

895 2250 968 2305 Et
999 2259 1244 2332 penetfare
1276 2248 1428 2304 Mare
1446 2287 1465 2314 ,
1528 2250 1582 2305 &
1607 2250 1799 2318 penitus
1818 2285 1838 2314 ‚
1878 2246 1930 2305 se
2000 2249 2085 2303 Ex
2137 2250 2290 2304 Mari
2338 2260 2498 2332 qpqrto
2542 2251 2641 2306 vix
2690 2250 2836 2334 aliqn

824 2318 1396 2473 Fatendzffilgi'inafflegi'e
1409 2402 1518 2473 ,per
1550 2386 1643 2439 has
1667 2382 1933 2473 speluncas
1953 2340 1975 2473 1
1999 2318 2191 2473 ξὲἕξηῐξτ
2205 2320 2617 2473 ,αρᾷἑῖηέηὲἒὲ
2638 2318 2836 2473 veli-gei·
