3150 4967
235 439 307 513 170
602 419 648 498 T.
674 405 990 502 'Lucanam
1032 479 1039 490 ·
1116 505 1121 512 .

231 585 339 658 Mittit
361 583 429 666 (uti
452 583 565 672 docui)
587 582 642 658 seu
661 585 803 659 flectitur
820 587 838 657 i
858 586 1041 659 medicinae

231 669 342 760 Usque
364 675 446 745 adeo
467 672 552 745 salsae
574 676 692 748 rationi
711 698 790 746 veta
809 676 939 747 videtur

230 761 297 836 Res
316 788 504 850 occurrere,
531 768 562 836 u
583 759 743 852 effugium
760 765 959 852 praecludere
979 763 1094 837 euntia
1201 785 1207 798 ·

230 853 438 940 Ancipitique
458 851 595 925 resumta
615 856 811 924 convincere
832 851 957 926 salsum
1271 941 1274 948 Ι

229 941 383 1029 Denique
405 939 486 1029 saepe
499 941 669 1013 hominem
691 943 859 1029 paullatim
882 944 1047 1014 cernimus
1068 942 1133 1030 ire,
1277 951 1308 1032 p

229 1030 501 1114 Etmembratim
521 1031 653 1101 vitalem
674 1031 849 1119 deperdere
867 1029 1015 1103 sensum:

229 1120 271 1192 In
292 1121 430 1208 pedibus
447 1120 590 1207 primtlm
613 1120 743 1207 Digitus
766 1119 937 1208 livescere,
954 1119 996 1195 'dc
1020 1118 1188 1214 unguen,

229 1210 311 1280 Inde
331 1211 456 1294 Pedes,
484 1210 638 1280 &Crura
660 1213 769 1280 mori:
794 1209 870 1282 Poll
889 1210 966 1282 inde
984 1229 1154 1299 perettus
1185 1235 1188 1240 ·

230 1299 283 1370 Ire
304 1300 384 1369 alios
408 1299 536 1369 tradlim
556 1297 653 1386 gelidi
678 1298 814 1403 vestigia
832 1297 935 1370 lethi:
1219 1331 1222 1338 ·

229 1388 395 1460 Scinditur
411 1389 502 1475 atqui
521 1390 649 1460 Anione
667 1412 824 1476 quoniam
843 1406 981 1476 tratura,
1004 1411 1150 1461 necuere

228 1478 393 1565 Tempore
422 1474 543 1548 finoera
561 1476 691 1563 existit,
718 1478 866 1548 mortalis
884 1477 1035 1549 lnbenda
1051 1475 1101 1552 ¹st.

229 1567 332 1653 thd
352 1563 471 1637 liforte
491 1587 585 1653 putas
605 1564 706 1653 ipsam
723 1563 756 1638 se
775 1564 860 1653 polle
877 1590 934 1654 per
951 1585 1041 1640 araas

227 1652 409 1728 Introrsum
429 1653 556 1727 trahere
567 1707 580 1741 ‚
607 1659 638 1727 dc
659 1656 776 1748 parteis
805 1657 987 1728 conducere
1004 1658 1177 1744 inunum,

227 1747 335 1831 Atque
350 1745 423 1816 ideo
444 1746 569 1819 cuntlis
587 1741 716 1817 sensum
733 1744 892 1817 deducere
910 1746 1108 1818 membrist'
1304 1799 1306 1806 -

228 1836 273 1908 At
294 1836 385 1906 locus
402 1835 456 1906 ille
474 1856 608 1920 maten,
633 1839 703 1922 quo
725 1834 818 1938 copia
837 1836 1077 1932 murannimal¹
1165 1835 1170 1842 '
1194 1839 1197 1848 '
1217 1853 1243 1870 ···
1282 1849 1306 1946 p

228 1925 395 2010 Cogitur,
419 1925 455 1994 in
479 1921 571 1994 sensu
591 1923 688 1994 debet
706 1934 829 2010 mature
849 1924 963 1995 videri.
1073 1955 1077 1960 ·
1146 1949 1149 1956 ·
1231 1957 1234 1962 ·

228 2015 298 2100 Qui
314 2012 470 2098 quoniam
485 2010 712 2099 nusquam'st,
736 2013 918 2099 murnum,
943 2012 999 2095 (ut
1010 2012 1214 2088 diximusan
1244 2017 1262 2101 )
1295 2045 1298 2054 ·

226 2101 391 2172 Dilaniata
411 2099 500 2173 foras
519 2099 730 2189 dispergituts
755 2101 868 2172 interit
888 2116 980 2189 ergo·
1000 2103 1005 2110 '
1105 2113 1109 2120 '
1135 2143 1138 2148 ·

228 2190 322 2277 Qrin
341 2191 460 2276 etiam,
487 2188 510 2261 sr
531 2191 593 2275 jam
613 2189 712 2261 libeat
731 2191 909 2262 concedere
930 2186 1059 2277 salsum,
1128 2223 1131 2228 ·

226 2279 269 2351 Et
287 2278 384 2364 dure,
408 2276 493 2366 posse
512 2280 667 2351 Animam
687 2280 860 2367 glomerari
878 2279 1073 2368 incorpore
1091 2303 1224 2363 coruus,
1285 2297 1305 2371 5⁴

226 2369 369 2442 Lumina
389 2369 444 2457 qui
466 2369 621 2457 linquunt
644 2368 833 2465 moribundi
853 2368 1092 2456 particulatim:

225 2459 402 2530 Mortalem
423 2478 534 2530 tamen
551 2455 610 2529 else
628 2458 785 2530 Animum
800 2454 919 2530 fateare
937 2454 1059 2531 necesse
1070 2456 1118 2530 ’it

226 2548 299 2620 Nec
315 2545 433 2628 refert,
461 2567 574 2619 utrum
595 2570 703 2634 pereat
717 2543 855 2634 dispersa
876 2571 933 2634 per
949 2571 1056 2633 auras,
1086 2565 1089 2572 ·
1130 2601 1147 2620 ,.

225 2639 279 2710 An
299 2638 472 2708 oontmais
491 2638 525 2707 in
546 2633 748 2724 setpartibusz
760 2633 984 2708 obbrutescat:
1219 2669 1224 2678 ·

226 2726 685 2813 QtandoHoniin'emtotuni
697 2725 977 2813 magisacmagis
991 2722 1081 2816 undi
1147 2721 1263 2818 serdus
1286 2744 1304 2815 5

224 2811 367 2900 Deficit,
394 2813 732 2896 &vitae.miraus,.&
757 2815 870 2884 minus
890 2814 1035 2901 undique
1054 2745 1163 2886 rslsdt.

225 2903 268 2975 Et
288 2903 446 2991 quoniam
464 2904 567 2994 Mens
587 2898 636 2984 est¹
649 2902 816 2974 Hominis
837 2926 912 3002 pars
930 2927 1023 2991 una,
1045 2903 1184 2991 locoque
1274 2949 1280 2964 ·
1300 2945 1303 2952 ·

1264 3039 1304 3156 ,n

259 3245 316 3299 525·
336 3230 477 3299 Detique's
505 3248 517 3284 e
534 3221 678 3302 Hennaeas,
700 3223 770 3296 &el'
800 3246 846 3298 per
854 3229 919 3284 dita
932 3226 1071 3300 dispersum
1088 3227 1304 3284 &timenus

223 3298 355 3370 Septim,
375 3316 455 3354 me.
510 3289 769 3367 omines'laepemem·
800 3306 849 3353 tat.
945 3301 950 3312 ’

222 3370 315 3425 beatior
335 3370 500 3433 moriuntur,
528 3371 555 3422 ἃ
571 3365 662 3422 sensim
687 3362 769 3434 carpi-¹
835 3382 891 3434 525.
914 3361 1102 3431 Cernimuin.)
1120 3362 1303 3418 aalma&

222 3445 297 3500 tant,
317 3437 374 3491 ideo
390 3433 769 3508 etiamllninasenlimpetit,
800 3435 878 3489 Siev.
890 3448 946 3500 532.
966 3433 1040 3502 ,Quod
1047 3433 1078 3500 st
1111 3433 1303 3501 crepacem&

222 3506 279 3574 quis
295 3506 363 3559 enim
382 3506 449 3559 dicat
465 3504 612 3568 Animum,
639 3505 762 3567 vividam,
801 3519 859 3569 542.
893 3504 995 3556 Fateare
1024 3519 1107 3554 necte
1133 3498 1174 3564 err.
1211 3497 1294 3556 Versu

221 3575 275 3628 viz.
288 3575 377 3628 tem&
389 3572 556 3634 sentientem,
576 3574 603 3625 in
622 3574 767 3627 mortuis&
801 3573 889 3642 quenti
901 3571 1010 3635 Quidam
1023 3569 1114 3639 legunt
1132 3569 1282 3638 Dispergere.

221 3639 306 3696 sensns
315 3640 463 3774 erigentibus
474 3640 592 3707 Corporis
600 3641 720 3696 membris
730 3651 769 3697 te·
835 3653 885 3705 544
915 3636 1091 3706 Obmutescat.)
1110 3638 1149 3692 lta
1164 3637 1236 3691 hunc
1249 3634 1303 3692 verl

222 3708 318 3766 fidere:
368 3709 418 3765 abd
435 3708 589 3763 liexistimes
602 3709 769 3764 Animam'inss
800 3708 864 3778 legit
874 3710 970 3762 Nonius
985 3708 1012 3759 in
1023 3723 1085 3760 voce
1089 3706 1219 3827 prusam,
1238 3705 1303 3762 lirul

221 3777 331 3834 ttotsnm
342 3775 367 3833 se
389 3779 502 3844 recipere
524 3773 537 3829 ὲ
555 3777 676 3834 memhris
693 3781 769 3833 mori-
801 3788 887 3833 autern
896 3776 1088 3831 Hebesaobtu
1100 3793 1152 3829 um.

220 3847 315 3902 bandis
335 3849 511 3910 recedentem,
525 3862 576 3912 pur
593 3847 619 3898 in
629 3847 682 3900 illis
692 3849 769 3914 parti·
836 3860 893 3912 547.
917 3845 951 3899 Et
967 3844 1090 3912 Quoniam
1107 3843 1183 3897 Mens
1200 3841 1252 3906 eli,
1274 3844 1300 3898 ἃ

221 3916 322 3970 busubi
334 3915 540 3983 conglomeratus
557 3913 650 3968 Anima
665 3933 715 3968 non
730 3918 770 3969 vi·
802 3914 919 3978 Οὲὶανὸ,
936 3930 965 3966 v.
978 3929 1018 3965 10.
1056 3913 1164 3965 Animus
1185 3911 1303 3980 eslpatsl

221 3986 305 4038 vidior
314 3991 418 4052 apparet
434 3979 547 4037 sensus?
567 3984 606 4036 rln
625 3983 716 4037 Anima
733 3985 767 4038 ita
802 3985 897 4045 minis,
918 3990 947 4036 nt
959 3979 1095 4049 supernis,
1115 3997 1142 4032 v.
1153 3993 1188 4043 94
1213 3979 1302 4046 probat

221 4052 359 4119 constipata
370 4054 396 4106 dc
415 4052 441 4104 in
452 4051 586 4156 Anffustias
606 4053 706 4105 rcrlasta
714 4053 768 4105 vim
801 4052 836 4104 est
848 4089 856 4115 ,
877 4059 996 4118 certoque
1008 4049 1064 4103 loco
1076 4048 1224 4102 continetur
1235 4086 1243 4110 ,
1265 4065 1302 4115 pet

220 4118 346 4176 sentiendi
357 4122 503 4174 amitteret.
538 4137 600 4173 caue
609 4137 642 4175 ne
650 4122 676 4173 id
690 4120 768 4174 fatea-
802 4121 832 4172 tle
844 4119 982 4181 cellares,
1003 4121 1029 4171 rt
1048 4113 1142 4174 oculis
1163 4116 1196 4169 at
1205 4117 1302 4169 Oculos

221 4191 273 4254 ris,
294 4188 360 4243 illud
380 4189 449 4243 enim
467 4190 534 4256 quorl
553 4190 589 4244 ila
609 4189 767 4243 contradam
801 4186 899 4250 fodias,
921 4189 946 4240 dc
968 4184 1097 4239 abscindas
1118 4183 1223 4247 Nares,
1245 4201 1294 4238 nee

219 4257 357 4324 interiret,
385 4275 455 4327 aeque
466 4256 579 4312 -nertale
597 4258 632 4312 est
652 4275 681 4312 ac
700 4256 767 4326 qaod
803 4254 920 4319 Colores,
938 4254 1082 4322 neaueiliae
1089 4253 1302 4368 Odctespertipn
