3150 4967
606 455 784 542 LIBER
812 457 1072 554 SEXTUS.
1332 483 1400 555 331

312 623 509 699 Hocetiam
527 625 785 714 panormita
804 623 952 701 concuffa
968 625 1125 700 videntur
1179 705 1181 709 ,
1342 650 1406 708 120

253 711 461 786 -011111111111Ι
483 740 502 786 e
525 717 618 803 gravi
642 738 808 805 tremere,
831 720 865 790 &
889 715 1014 789 divolsa
1034 718 1168 806 repente*

271 801 421 878 Maxima
440 739 746 898 dltlrluilfecapacis
764 808 888 880 moenia
908 807 1050 893 mundi,

271 893 359 969 Clrm
381 891 499 966 subitb
512 897 613 967 validi
633 898 737 970 Venti
753 900 900 970 conletta
916 898 1058 985 procella

269 979 431 1056 Nubibus
450 982 582 1072 intorsit
606 983 693 1073 sese,
718 986 934 1075 conclusaque
957 987 1082 1058 ibidem

269 1072 423 1146 Turbine
437 1072 579 1146 verlinti
594 1085 697 1164 magis
715 1101 753 1149 ac
772 1079 876 1165 magis
895 1075 1042 1165 undique
1064 1074 1204 1151 Nubem
1343 1097 1409 1168 125

266 1162 392 1323 ξοῇἱῑ,
416 1163 468 1234 uti
490 1155 551 1270 fiat
567 1161 660 1253 spill'o
682 1190 760 1237 cava
779 1190 916 1254 corpore
936 1168 1071 1239 circum.
1388 1191 1404 1210 ··

296 1275 317 1321 ο

365 1251 425 1323 ubi
444 1256 627 1346 commovit
646 1256 698 1325 vis
717 1258 787 1345 ejus
811 1258 843 1327 &
864 1256 1006 1341 impetus
1023 1278 1119 1343 acer,
1228 1322 1231 1334 .

268 1341 363 1414 Tum
379 1344 613 1431 perterricrepo
633 1341 745 1416 sonitu
765 1344 822 1416 dat
839 1341 928 1417 milla
947 1343 1122 1434 fragorem.

268 1430 345 1512 Nec
366 1431 511 1518 mirum,
536 1434 577 1505 cb
599 1458 613 1504 t
639 1436 734 1522 plena
754 1437 875 1506 animae
898 1432 1049 1507 Velicula
1069 1435 1194 1523 parva'

269 1521 363 1605 Saepe
386 1520 433 1591 ita
451 1521 507 1593 dat
525 1526 593 1611 pari
628 1521 806 1595 rsonitum
828 1520 965 1613 difpl'osa
984 1526 1127 1612 repente.
1344 1546 1409 1617 130

267 1633 272 1642 ·
314 1606 373 1681 Est
392 1611 491 1682 etiam
511 1613 721 1702 ratioscirm
742 1614 846 1685 Venti
870 1613 986 1685 nubila
1004 1613 1165 1702 perflant,

269 1698 341 1770 Cur
357 1696 485 1773 sonitus
506 1700 645 1775 faciant:
672 1704 796 1775 etenim
815 1701 942 1775 ramola
961 1703 1114 1776 videmus

267 1788 398 1862 Nubila
417 1786 499 1879 saepe
522 1794 630 1865 modis
686 1794 787 1880 ultis,
812 1812 912 1881 atque
930 1790 1144 1880 afperaferti.

268 1878 399 1951 Scilicet
416 1900 455 1952 ut
474 1881 621 1953 crebram
653 1885 770 1971 'ylvam
791 1883 868 1954 clim
890 1882 1024 1953 flamina
1037 1883 1138 1953 Cauri

266 1966 433 2055 Perflant,
458 1970 539 2042 dant
560 1970 706 2142 fonifflrm
725 1971 880 2053 frondes,
905 1974 1052 2060 ramique
1070 1968 1243 2059 fragorem.
1341 1990 1408 2065 135

266 2056 323 2129 Fit
344 2081 497 2146 quoque,
522 2084 561 2133 ut
585 2063 635 2134 int
655 2062 754 2133 rdum
772 2061 874 2132 validi
895 2064 949 2146 vis,
963 2063 1062 2133 incita
1078 2062 1172 2133 venti

267 2142 456 2221 Perscindat
473 2150 598 2222 nubem
619 2149 823 2241 perfringens
845 2151 967 2238 impete
987 2154 1087 2222 recto.

266 2234 362 2311 Nam
380 2238 460 2323 quid
478 2238 576 2327 poffit
595 2242 643 2312 ibi
658 2241 776 2326 fiatur,
802 2238 971 2312 manifesta
997 2241 1093 2313 docet
1116 2262 1180 2312 res.

266 2324 359 2412 Hic,
385 2328 444 2398 ubi
462 2329 570 2402 lenior
590 2331 636 2401 eli
646 2382 665 2417 ,.
684 2333 821 2403 interra
840 2332 916 2402 crim
938 2351 1048 2402 tamen
1067 2332 1131 2403 alta
1252 2400 1255 2405 .

246 2412 413 2489 'Arbusta
431 2420 589 2491 ‘evolvens
611 2420 774 2492 radicibus
794 2419 905 2494 haurit
924 2420 966 2491 ab
982 2422 1068 2492 imis.
1289 2434 1292 2437 ‘
1346 2438 1411 2510 140

316 2506 403 2579 Sunt
425 2509 525 2580 etiam
548 2510 667 2582 fluctus
682 2499 745 2599 laer
763 2510 898 2598 nubila,
934 2510 992 2597 qui
1010 2507 1099 2597 quasi
1121 2531 1275 2581 murmur

256 2593 365 2667 ·Dut1r
381 2593 592 2687 infringendo
612 2602 774 2689 graviter:
800 2600 890 2687 quod
906 2600 987 2670 item
1006 2597 1045 2671 fit
1064 2600 1100 2670 in
1121 2599 1195 2669 altis

266 2684 506 2780 Fluminibus,
532 2713 718 2779 magnoque
736 2690 840 2776 mari,
866 2689 943 2761 crim
960 2686 1122 2780 frangitur
1135 2686 1226 2761 aestu.

1357 2810 1413 2885 Fit

310 3012 370 3053 120.
390 2996 446 3052 Hoc
462 2998 628 3068 etiamparb,
644 2998 717 3070 irc.)
734 3003 766 3058 V.
780 3017 823 3058 11.
860 3002 960 3067 edunt,
980 3018 1006 3057 v.
1020 3016 1043 3068 5.

265 3067 372 3136 Ventus
389 3068 417 3121 in
428 3067 504 3122 Nube
518 3066 632 3123 inclusus
647 3068 731 3137 furit,
759 3073 825 3126 Iade
896 3084 953 3136 ¹32·
975 3069 1085 3133 Ramosa.
1100 3071 1114 3137 )
1132 3069 1204 3123 Alibi
1221 3068 1323 3124 hamata
1338 3065 1414 3123 femi·

266 3152 412 3197 murmuri
432 3138 535 3191 tandem
552 3137 620 3191 fabio
631 3140 826 3208 impetuerum·
861 3140 971 3194 nailixit
982 3139 1096 3201 Ramosa,
1116 3141 1204 3193 eadem
1214 3137 1411 3206 fignificatione.

265 3208 328 3276 pit,
350 3204 567 3260 Imlehorremlus
584 3206 629 3261 ille
645 3206 748 3277 fragor:
768 3209 825 3274 Qua
898 3222 955 3275 134.
974 3208 1087 3262 Narniae
1100 3206 1209 3277 Citari.)
1229 3208 1328 3261 Caurus
1340 3223 1413 3260 nem·

266 3275 372 3330 ratione
389 3274 491 3329 Plinius
513 3276 671 3341 declaravit,
698 3276 759 3350 paffe
770 3282 825 3346 Spi-
861 3295 892 3346 pe
904 3286 998 3331 ventus
1010 3276 1042 3329 ab
1055 3273 1144 3329 occasu
1157 3276 1241 3330 aestivo
1251 3273 1357 3342 spirans.

266 3347 348 3411 ritum
376 3346 436 3397 nube
459 3347 589 3398 cohibitum
608 3357 708 3412 tonare,
739 3356 826 3400 aratura
898 3354 955 3410 136.
976 3346 1138 3413 Fitqaaque,
1158 3345 1321 3406 utinterrlum,
1337 3342 1412 3410 Sic.)

261 3412 436 3481 flrmrgulante
445 3412 554 3476 fimitum
566 3416 621 3467 tium
633 3417 744 3480 rixetur,
765 3417 826 3468 edito
861 3415 951 3470 Nubes
963 3417 1041 3469 etiam
1054 3414 1140 3480 rumpi
1152 3412 1252 3479 potest,
1272 3409 1333 3466 crlm
1343 3411 1413 3466 Ven-

258 3483 371 3550 fragore
388 3482 444 3534 dom
459 3493 585 3549 erumpat,
605 3492 632 3554 at
646 3486 672 3535 in
687 3486 826 3538 membrana
862 3493 906 3540 tus
930 3502 963 3539 ex
980 3480 1084 3538 adverso
1104 3483 1131 3535 in
1151 3482 1224 3536 illam
1239 3482 1411 3549 impingitur,

267 3551 368 3618 Spiritu
381 3552 481 3603 intenta.
519 3550 546 3605 Si
566 3553 650 3605 ridere
667 3554 748 3619 libet,
768 3553 822 3607 vid.
864 3554 1008 3621 atqueiude
1021 3551 1152 3616 Tonitru:
1172 3569 1198 3606 v.
1213 3566 1236 3617 5.
1258 3550 1359 3606 Ventus
1367 3568 1413 3604 au·

267 3616 452 3686 Aristophanis
461 3619 569 3684 Nubes,
591 3621 647 3673 nu.
663 3641 685 3680 1.
699 3623 739 3677 Sc.
751 3636 777 3688 4.
863 3632 917 3677 tem
944 3620 1011 3690 polle
1028 3620 1118 3675 Nubes
1141 3636 1308 3688 perrumpere
1336 3637 1412 3674 nemo

309 3699 368 3752 124.
389 3687 487 3754 Intorstt
495 3688 566 3759 sese.)
586 3689 656 3753 lllii,
675 3690 825 3757 Infercitse.
864 3691 1009 3753 dubitabit,
1029 3690 1074 3758 qui
1082 3687 1258 3747 viditeverfas
1270 3688 1373 3744 arbores
1385 3690 1412 3746 81

310 3769 369 3820 127.
392 3758 552 3826 commovit.)
570 3758 672 3813 Melius
681 3759 757 3829 quim
769 3761 828 3812 Con·
864 3758 987 3815 radicitlu
1005 3754 1113 3813 evulsas.

270 3826 372 3881 metir.
477 3897 483 3910 Ι
574 3897 580 3909 .
900 3842 956 3894 141.
977 3828 1039 3908 Sunt
1057 3829 1132 3910 etiarn
1146 3825 1252 3893 fluffur,
1273 3824 1349 3891 810.)
1383 3824 1414 3880 Sl

280 3892 829 4032 tttmbtns'tltnttlmlllt
864 3893 1414 4035 lttrlltlltlttit’catilli-,⁰551

300 4047 360 4085 rum
376 4031 453 4085 instar
463 4034 559 4088 habent
570 4042 656 4101 partes
673 4036 827 4099 eminentes,
865 4036 894 4090 in
911 4052 961 4103 quo
973 4032 1070 4087 Nubila
1086 4032 1136 4086 sint
1151 4031 1264 4090 {lullum
1300 4029 1351 4083 llla
1370 4032 1414 4085 ile-

274 4102 303 4156 &
320 4100 372 4153 huc
391 4099 455 4155 illoc
475 4102 619 4171 projer'tas3
653 4103 699 4158 has
717 4101 830 4157 liVenti
865 4120 936 4158 mum
946 4102 1062 4165 collidas,
1083 4101 1213 4164 bellium,
1233 4115 1309 4167 quem
1318 4100 1346 4153 in
1355 4101 1414 4154 Ma-

272 4170 591 4239 perflareeoneipiautur,
613 4172 729 4226 Tonitru
743 4169 832 4291 leque·
866 4173 889 4225 ri
906 4169 1009 4227 astuosa
1024 4168 1122 4237 sentis,
1143 4172 1170 4223 in
1180 4169 1246 4223 Atre
1262 4166 1414 4225 lentiesfre·

274 4245 337 4296 tarr
361 4238 457 4307 quippe
469 4238 532 4294 ciun
551 4241 630 4295 Venti
643 4239 731 4296 densas
744 4237 773 4308 fy
786 4256 831 4292 vas
867 4257 972 4310 gorem,
992 4256 1017 4295 v.
1030 4254 1054 4307 3.

276 4307 405 4375 perflent,
426 4310 492 4363 rami
503 4310 534 4365 ab
545 4310 591 4364 illa
603 4312 693 4381 agitati
702 4308 832 4380 fragorem
