3150 4967
261 455 331 543 318
631 449 675 529 T.
704 447 1007 532 LuCRETss

252 618 386 691 Textile
405 616 477 705 post
495 614 677 689 ferrum’st:
702 617 779 706 quia
798 615 884 689 ferro
903 618 967 689 tela
986 633 1162 706 paranturr

254 709 329 780 Nec
351 710 478 778 ratione
497 709 558 778 alia
576 703 706 797 poffunt
723 708 909 778 tamlacvia
927 708 1018 867 {igni

252 794 382 882 lnsrlia,
407 821 444 867 ac
467 794 550 882 sus,
579 799 610 868 &
631 797 734 881 radii,
758 793 909 886 scapique
942 813 1090 867 onantes.

298 887 341 980 Et
363 884 467 957 lacere
488 885 565 956 ante
576 886 678 957 Viros
700 887 808 956 lanam
829 889 957 958 Natura
984 885 1114 974 coegit,

254 974 367 1062 Qulm
390 976 556 1047 Muliebre
577 999 705 1064 genus,
730 999 810 1045 nam
833 975 931 1064 longe
952 973 1083 1064 praestat
1102 976 1141 1047 in
1161 991 1257 1066 arte,

253 1066 296 1138 Et
317 1063 477 1136 sollertius
501 1064 547 1135 est
566 1065 672 1136 mulrb
696 1089 800 1154 genus
821 1088 922 1135 omne
949 1064 1073 1135 Virile:

255 1157 414 1243 Agricolae
435 1156 540 1226 donec
564 1155 649 1224 vitio
667 1173 794 1225 vertere
813 1153 937 1239 severi,

253 1247 302 1317 Ut
321 1243 544 1315 Muliebribus
559 1243 592 1313 id
616 1243 770 1315 manibus
791 1244 968 1315 concedere
990 1243 1135 1331 vellent,

254 1336 362 1424 Atque
383 1331 440 1420 ipfi
459 1334 569 1420 potiris
588 1333 710 1402 durum
730 1328 866 1403 sufferre
886 1333 1057 1404 laborem:

255 1418 361 1511 Atque
379 1446 477 1510 opere
500 1424 536 1492 in
559 1422 643 1492 duro
665 1421 822 1517 durarent
842 1423 1013 1507 membra,
1039 1418 1234 1514 manusque.
1307 1467 1312 1472 ·
1347 1474 1350 1480 -
1405 1444 1416 1487 l

300 1515 343 1585 At
358 1510 520 1600 specimen
541 1511 705 1592 Sationis,
732 1508 949 1582 &Infitionis
968 1514 1061 1600 origo
1411 1531 1414 1546 ·

253 1599 324 1690 Ipsa
342 1599 405 1672 suit
424 1625 535 1673 rerum
561 1601 706 1689 primdm
730 1601 860 1673 Natura
879 1602 1027 1671 creatrix.

255 1690 436 1764 Arboribus
459 1691 618 1778 quoniam
632 1688 765 1776 'baccae,
791 1687 990 1778 glandesque
1010 1690 1140 1762 caducae

255 1779 466 1868 Tempestiva
489 1780 787 1865 dabantpullo'rum
811 1782 962 1850 examina
980 1777 1101 1851 subter.

254 1867 353 1943 Unde
375 1872 474 1941 etiam
491 1868 661 1941 libitum'st
678 1867 803 1956 stirpeis
824 1871 1030 1941 committere
1048 1870 1169 1942 ramis:

256 1961 298 2033 Et
317 1984 406 2029 nova
426 1959 577 2030 defodere
587 1959 629 2029 lin
648 1977 769 2028 terram
789 1959 931 2047 virgulta
954 1983 1011 2046 per
1030 1983 1149 2047 agros:

254 2048 335 2120 Inde
353 2049 471 2136 aliam,
496 2065 594 2136 atque
617 2048 713 2118 aliam
737 2049 899 2120 culturam
919 2049 1023 2120 dulcis
1046 2049 1142 2136 agelli

254 2136 444 2208 Tentabant
455 2189 467 2224 ‚
492 2135 680 2224 frustusque
700 2134 787 2208 seros
807 2136 1027 2210 mansuescere
1044 2157 1131 2209 terra
1221 2226 1225 2232 Ι

255 2227 443 2297 Cernebant
460 2227 662 2315 indulgendo
673 2273 684 2312 ,
709 2226 892 2314 blandeque
913 2227 1062 2298 colendo.

254 2317 359 2404 Inque
377 2317 445 2387 dies
467 2341 520 2387 ma
544 2317 571 2387 is
590 2317 627 2387 in
645 2334 796 2387 montem
815 2315 983 2388 succedere
1003 2314 1111 2404 sylvus

256 2405 448 2495 Cogebant,
468 2341 622 2494 ¹inlsbque
640 2405 751 2494 locum
774 2406 952 2478 concedere
977 2407 1092 2478 cultis:
1305 2425 1380 2497 1³7⁰
1415 2447 1416 2450 π

661 2545 775 2625 su...
1149 2555 1152 2560 ’
1277 2537 1382 2626 Ptutd,

567 2696 569 2704 .
642 2648 751 2729 -lrrsfl
864 2723 867 2728 ¹

293 2831 366 2884 1350.
390 2819 448 2871 Telo
461 2816 610 2885 parantur.)
630 2818 709 2871 cnud.
722 2820 805 2874 &Gi-
833 2836 880 2880 re,
900 2828 1008 2884 texere,
1031 2822 1145 2877 benere.

255 2885 358 2947 lanius,
379 2887 495 2937 Paratur.
535 2887 593 2938 Tela
608 2887 803 2960 enimaliquan·
872 2900 946 2955 1359.
968 2889 1045 2956 Aeque
1056 2892 1128 2956 Opere
1142 2893 1168 2943 in
1180 2891 1250 2946 dara.
1269 2891 1284 2961 )
1302 2892 1380 2949 Oster-

255 2951 519 3035 do‘significatiplum
535 2953 735 3010 instrumentum
747 2956 805 3011 lex·
837 2957 883 3010 dit·
897 2956 986 3012 versus
997 2955 1110 3025 superior
1128 2958 1200 3013 hunc
1217 2959 1343 3029 Spurium
1352 2959 1382 3015 es.

255 3030 373 3087 tanum,
393 3023 435 3088 eui
451 3024 658 3079 accommodatur
673 3024 749 3088 Tela,
836 3022 882 3087 se,·
912 3025 980 3093 quod
994 3028 1108 3094 primus,
1142 3030 1261 3097 opinor,
1289 3046 1378 3084 moneo.

263 3105 266 3114 ·
291 3103 365 3157 1352.
384 3088 503 3159 Irsslia.)
522 3090 583 3144 llaec
604 3108 657 3146 vox
670 3092 744 3162 ‚fugit
761 3093 805 3146 ln·
834 3094 921 3147 Faber.
1290 3117 1293 3122 ·

255 3168 295 3218 ter
314 3159 401 3216 retesl
438 3160 520 3215 Faber
548 3161 651 3216 demum
677 3161 805 3216 existimat
872 3168 948 3227 1360.
968 3163 1004 3216 Ar
1019 3163 1135 3232 specimen
1155 3165 1280 3231 sarronae,
1311 3163 1379 3233 &cl

254 3177 338 3300 hysara
364 3227 412 3286 effe
430 3247 485 3285 eam
510 3229 677 3285 Instrumenti
698 3231 805 3285 tentorii
839 3226 948 3286 Arbores
968 3231 1099 3302 plantare,
1119 3229 1220 3299 abipsa
1237 3232 1379 3292 Naturadi-

254 3307 373 3367 partem,
393 3315 448 3368 quar
462 3297 538 3368 pulsu
560 3300 655 3367 pedum
677 3300 802 3368 quatitur,
837 3300 977 3364 dicerunt,
1012 3299 1180 3366 observabant
1206 3302 1279 3356 enim
1302 3306 1380 3360 baneas

255 3377 286 3421 ut
304 3367 418 3423 staminis
435 3385 493 3435 pars
510 3366 731 3436 molbattollatur
750 3386 804 3420 mo-
835 3367 997 3438 glandesque
1023 3369 1141 3423 decianas
1173 3383 1244 3424 nova
1275 3373 1380 3443 virgulta

256 3433 288 3488 db
303 3437 481 3502 deprimatur,
501 3444 532 3492 nt
542 3434 599 3489 fuso
613 3434 736 3508 [curado
747 3452 804 3489 cur-
835 3437 994 3503 producere3
1015 3438 1078 3492 lude
1098 3438 1174 3491 idern·
1184 3441 1381 3498 tentabuntllo·

254 3504 546 3558 rentiliberbtrameare
561 3505 654 3559 liceat:
677 3504 758 3574 quue
773 3506 805 3559 ab
835 3506 917 3560 mines
966 3504 1187 3576 &unusquisque
1242 3527 1261 3563 ο
1286 3503 1383 3582 ingenia

254 3571 382 3653 infitiando.
421 3573 503 3637 Quam
523 3571 806 3638 eonjestunmev'erre-
837 3570 882 3626 suo
911 3542 1009 3643 ailquid
1031 3574 1160 3644 Agrorum
1189 3519 1381 3650 rbrrommque

255 3656 283 3695 re
303 3639 407 3694 vedetur
425 3658 478 3694 vox
497 3641 544 3694 ista
567 3642 687 3708 aujaasta
703 3643 798 3696 Levia.
837 3642 947 3712 culturrp
965 3639 1078 3704 aurinia
1115 3646 1142 3699 &
1164 3647 1264 3701 exinde
1285 3649 1382 3707 moden

255 3706 356 3764 Vollius
378 3710 409 3762 ad
429 3709 580 3777 Catullum,
607 3727 633 3779 p.
646 3725 706 3777 249.
737 3711 808 3779 Erpfi-
835 3710 901 3776 ista,
922 3711 1383 3781 quamvidemus,}10rtorumama·

255 3782 297 3832 lia.
653 3779 655 3784 '
833 3781 920 3842 nitas,
940 3780 986 3833 illa
1001 3777 1121 3835 arborum
1135 3782 1287 3854 florumque
1300 3793 1382 3842 omn

292 3860 366 3913 1352.
389 3845 651 3914 Scapiquesonanler.)
676 3846 806 3916 Anfigni·
835 3845 971 3915 dispositio.
991 3865 1018 3902 v.
1039 3859 1122 3909 rav·
1254 3871 1257 3876 ·
1289 3859 1293 3868 “

255 3912 518 3970 beentlnstrumenta
534 3913 674 3980 Terrore,
695 3933 805 3985 quorum
872 3924 946 3983 1369.
971 3916 1132 3988 Succedere.)
1154 3917 1264 3974 Sursum
1281 3925 1382 3986 cedere.

255 3980 330 4047 pulsu
347 3983 414 4038 Tela
424 3984 567 4038 coardatur
584 3986 610 4038 At
624 3984 803 4050 condensatur,
835 4002 895 4038 nam
911 3981 1019 4050 excifis,
1053 4003 1108 4055 qnae
1126 3987 1181 4041 c'arn
1201 4005 1231 4042 os
1252 3992 1383 4062 vallesque

257 4050 299 4105 vel
313 4051 415 4121 Jugom
431 4054 498 4107 circa
524 4054 591 4121 quod
619 4051 733 4134 sternua-
748 4054 805 4109 vol·
834 4055 994 4176 occupabant
1002 4054 1154 4119 arboribus,
1175 4004 1305 4125 dylvae'in
1316 4078 1383 4117 rnen·

254 4123 496 4186 vantur,'vldeant
512 4121 688 4175 Grammatrer.
777 4143 779 4152 ·
834 4130 874 4178 ter
902 4122 992 4179 ursum
1006 4124 1095 4180 cedere
1110 4125 1277 4184 videbantur.

291 4200 366 4256 1353.
377 4190 472 4245 haam
479 4189 593 4259 facere)
612 4190 710 4244 lanam
720 4207 806 4259 ertpe-
1291 4215 1295 4221 ·
