3150 4967
425 461 607 545 LIBER
655 462 911 546 SEXTUS:-

242 629 286 701 iro
304 627 363 711 fit,
387 631 438 702 uti
457 632 610 717 nimiam
629 631 773 703 cecidere
791 631 915 703 veneni

242 722 299 791 teis
318 716 426 807 ipsos,
451 720 497 791 ibi
517 718 557 792 fit
577 744 708 808 quoque
727 721 807 794 Vita
826 717 1015 812 vomendo⁸

241 834 295 881 rea
312 810 403 897 quod
421 834 540 899 magne
564 812 642 882 mali
664 807 709 881 fit.
724 812 817 899 copia
836 811 969 883 circlrm.

242 922 370 987 quoque
385 900 617 1004 utinterdum
634 900 688 973 vis
707 898 778 971 haec
788 952 801 988 ,
824 918 922 987 etque
942 898 1039 971 aestus
1060 900 1162 974 Aver-

404 1012 462 1070 nr,
1069 1034 1073 1048 ·
1187 1004 1254 1074 80

253 1077 309 1163 qui
331 1076 416 1151 inter
439 1078 530 1150 aveis
549 1102 678 1165 cunque
695 1077 734 1150 ’st
751 1098 938 1165 terramque
955 1078 1106 1167 locatus,
1213 1013 1227 1080 3

242 1167 285 1237 iat
295 1216 307 1253 ,
333 1168 433 1254 prope
456 1169 507 1238 uti
526 1168 617 1238 locus
636 1166 713 1238 hinc
731 1167 900 1253 linquatur
919 1170 1045 1241 inanis:

249 1256 308 1327 ubi
327 1256 346 1325 ἐ
366 1256 500 1344 regione
520 1258 585 1327 loci
603 1262 723 1327 venere
740 1258 910 1343 volenter,

242 1364 294 1417 cat
316 1347 483 1432 extemplo
503 1369 688 1432 pennarum
706 1343 795 1416 nilus
814 1348 944 1418 inanior

242 1459 345 1504 nmen
365 1436 520 1521 utrinque
538 1437 663 1506 alarum
686 1436 835 1521 proditur
854 1460 966 1508 omne.

242 1527 265 1593 >i
280 1525 396 1594 nidlnri
413 1542 604 1611 nequeunt,
629 1522 837 1611 infistereque
854 1525 934 1612 ulis,

242 1632 253 1684 t
271 1614 307 1682 in
326 1631 446 1683 terram
469 1614 576 1684 delabi
594 1615 737 1700 pondere
765 1614 853 1702 cogit

242 1727 273 1780 13
299 1706 497 1774 &vacuum
520 1703 620 1790 prope
639 1706 704 1793 jam
726 1728 783 1790 per
802 1705 899 1776 inane
923 1702 1063 1790 iacentes
1140 1719 1156 1774 l

242 1794 469 1879 guntAnimas
487 1816 546 1880 per
565 1795 672 1863 mulas
692 1793 837 1878 corporis
858 1794 997 1863 omneis.

242 1880 331 1952 idior
355 1884 455 1969 porro
477 1883 512 1952 in
530 1884 637 1969 puteis
658 1881 775 1954 AEstate
794 1879 834 1953 lit
852 1883 1009 1969 Humor,
1189 1897 1255 1974 340

242 1972 268 2041 it
286 1972 362 2057 quio
380 1974 485 2043 Terra
502 1974 609 2042 calore
619 2022 631 2058 ‚
657 1975 690 2043 &
708 1969 831 2042 semino
850 1969 939 2058 sique

245 2061 375 2146 vaporis
395 2058 516 2145 habet,
532 2059 678 2149 ‘propere
702 2060 840 2131 dimittit
855 2062 890 2131 in
908 2084 1014 2131 auras.

242 2174 281 2219 na
305 2150 332 2220 ie
354 2148 517 2238 elligitur
540 2152 654 2223 Tellus
674 2145 789 2222 affetu
809 2150 938 2222 colore:

242 2256 261 2309 t
279 2174 449 2327 frigidior,
474 2240 531 2326 qui
550 2241 586 2310 in
606 2258 691 2311 terra
714 2237 751 2308 ’st
770 2238 923 2325 abditus,
949 2240 1092 2311 Humor.

242 2352 259 2397 e
277 2328 355 2402 ciun
375 2332 535 2417 premitur
553 2354 653 2415 porro
670 2328 780 2401 omnis
802 2348 910 2414 terra,
936 2330 1085 2417 coitque,
1190 2345 1257 2421 845

242 2414 276 2487 rfi
289 2414 484 2489 concrescit:
509 2417 563 2490 Fit
575 2416 714 2505 scilicet,
739 2437 778 2489 ut
793 2419 947 2490 ‘coeundo

242 2527 295 2577 nat
316 2506 352 2577 in
370 2526 509 2594 putem,
536 2506 660 2593 siquem
679 2510 762 2597 gerit
782 2505 868 2594 ipsa,
895 2507 1059 2578 Colorem.
1162 2573 1166 2580 .

242 2597 328 2685 apud
352 2599 527 2671 Ammonis
548 2594 664 2670 funum
682 2595 758 2670 l'ons
776 2599 848 2668 luce
868 2595 984 2669 diurna

1157 2687 1258 2777 Frigi.
1270 2647 1278 2660 N

242 2971 372 3044 Nidari.)
390 2974 435 3029 Sic
450 2974 548 3044 legeret
561 2974 670 3037 Festum
742 2984 800 3042 843.
820 2974 914 3044 Affltla
927 2973 1040 3043 calore.)
1058 2973 1116 3030 viz.
1138 2976 1205 3032 Solis
1216 2994 1258 3033 ra.

242 3044 264 3096 td
277 3042 352 3098 dubie
364 3043 502 3112 legendum
516 3048 623 3107 Nixon,
643 3054 673 3099 ut
709 3044 757 3098 diis
773 3042 913 3098 calefadta:
934 3045 1081 3108 Lambinu55
1105 3048 1182 3101 Addit
1193 3050 1258 3116 Foys
1275 3079 1278 3085 ·

244 3111 318 3174 ffim,
346 3114 415 3181 quod
439 3116 466 3169 dr
491 3110 587 3182 optime
606 3114 673 3168 vidit
708 3132 752 3177 ur,
771 3111 832 3167 Ideo
849 3130 864 3166 a
882 3130 914 3166 ua
932 3113 960 3166 in
977 3114 1061 3182 puteis
1074 3114 1167 3183 hyeme
1177 3115 1206 3169 lit
1217 3134 1258 3170 ca-

242 3199 283 3235 us:
302 3181 387 3235 Faber.
708 3182 776 3247 lida,
796 3183 857 3250 quia
904 3198 960 3234 erra
978 3180 1068 3235 affetle
1088 3183 1172 3236 calore
1191 3184 1258 3238 cale-

242 3251 365 3317 Frigidior
371 3248 442 3318 porrd
459 3252 485 3302 in
502 3250 595 3313 Fumi,
605 3250 673 3317 dec.)
708 3249 771 3305 facit
793 3267 849 3305 eum
873 3247 975 3305 subter:
1012 3250 1069 3314 Qua
1086 3251 1257 3320 explicatione

242 3319 354 3374 ridentur
370 3318 433 3373 odeo
449 3319 567 3372 humanis
586 3316 673 3373 ufibuc
709 3317 776 3374 nihil
794 3336 831 3373 un
849 3336 907 3372 uam
919 3318 1053 3384 stupidius.

242 3387 331 3451 odota,
350 3396 381 3442 ut
397 3386 534 3455 benignam
564 3388 673 3441 nondam
744 3397 802 3453 848.
833 3335 888 3458 hle
911 3387 973 3454 apud
999 3386 1141 3452 Ammonis„
1180 3386 1257 3457 dcc.)

242 3458 319 3510 otiam
338 3457 527 3510 demonstrent:
547 3406 595 3509 ita
609 3463 674 3509 tom·
710 3453 820 3520 Quodn
837 3458 865 3510 in
875 3456 994 3511 omnibus
1010 3456 1094 3522 puteis
1110 3473 1162 3509 non
1181 3445 1212 3511 lit
1221 3457 1259 3511 di·

242 3523 306 3578 stivo
326 3524 400 3592 Aqua
419 3526 446 3577 in
472 3524 561 3578 Puteis
580 3523 675 3591 frigida
709 3527 771 3578 vina
790 3524 900 3587 virtue,
920 3533 946 3578 et
962 3521 1071 3591 presens
1093 3524 1128 3577 ell
1144 3526 1172 3578 in
1190 3526 1260 3581 Fon-

242 3591 675 3661 deistiustempestatirCalortem-
710 3602 736 3647 te
753 3594 821 3661 apud
839 3593 916 3659 Jovis
937 3593 1070 3646 Ammonis
1091 3592 1200 3660 fanum,
1228 3598 1260 3653 de

242 3661 395 3730 3Hybern'o
412 3669 499 3716 autem
516 3662 607 3725 calida,
623 3661 675 3729 qui
710 3679 761 3730 quo
778 3662 904 3728 Curtius,
932 3662 978 3714 lib.
992 3660 1037 3715 IV.
1058 3660 1125 3719 Seu.
1136 3678 1162 3728 7.
1199 3664 1262 3716 Am-

243 3731 322 3785 ariter
347 3732 374 3784 dr
398 3730 508 3784 recreari
532 3727 671 3798 pollimus:
711 3734 785 3783 monti
802 3750 881 3783 nemus
904 3733 930 3782 r'n
952 3730 1029 3785 medio
1055 3732 1124 3785 habet
1140 3732 1259 3798 sontem,

242 3798 286 3851 erd
303 3796 500 3863 difficultatem,
521 3816 547 3852 v.
565 3808 590 3857 8.
606 3814 681 3852 amo·
712 3800 808 3867 Aquom
826 3801 887 3853 Solis
908 3808 1013 3862 vocant3
1041 3800 1183 3861 subortum
1200 3802 1262 3856 Solu

242 3869 351 3932 serenus,
371 3884 431 3920 nam
447 3869 475 3920 in
494 3866 590 3921 AEllate
609 3866 676 3921 Ter-
711 3869 789 3936 tepida
800 3877 898 3932 manat,
924 3870 1000 3922 medio
1019 3869 1055 3920 die
1071 3869 1126 3921 cum
1137 3871 1262 3922 vehemen-

242 3933 309 3990 rlicie
329 3934 422 3989 &Solis
432 3934 573 3999 meloda,
594 3936 677 3993 Semi·
712 3937 809 4001 tifflmur
828 3936 859 4000 eft
876 3938 957 4000 calor,
970 3938 1071 4004 frigida
1087 3938 1166 3990 euclem
1177 3939 1260 4003 fluit,

242 4020 319 4072 rquae
345 4006 374 4057 in
390 4004 474 4058 Terra
493 4006 675 4069 continentur,
711 4007 825 4058 inclitum
843 4009 870 4057 in
880 4006 1016 4074 cuperem,
1037 4007 1130 4066 calescit
1136 4024 1148 4068 ς
1186 4008 1264 4062 mulie

242 4081 424 4140 rorulentum,
446 4073 471 4126 H
491 4073 571 4126 berno
590 4081 676 4127 autern
712 4074 889 4137 nouefervida
903 4074 1031 4137 exaestuat,
1058 4092 1148 4142 quoque
1169 4080 1265 4143 propius

250 4140 401 4208 constristo,
430 4143 458 4195 in
472 4091 570 4196 luteos
592 4142 678 4209 expri-
712 4160 761 4194 nox
774 4148 855 4210 vergit
872 4145 994 4207 adlucem,
1013 4145 1115 4196 multum
1128 4145 1265 4198 exnotlur·

244 4248 253 4278 ‚
275 4219 352 4283 atque
371 4212 431 4267 inde
449 4210 538 4282 Tepor
550 4210 637 4281 Aque.
712 4230 743 4265 no
751 4213 828 4267 calme
842 4212 971 4279 decrescit,
993 4213 1064 4267 donec
1072 4211 1121 4276 sul
1130 4213 1207 4284 ipsum
1217 4216 1266 4268 utu

1165 4291 1264 4350 „ortum
