3150 4967
229 425 302 502 186
596 414 641 492 T.
680 411 984 494 LUCRETII

226 581 313 653 Scire
332 579 407 650 licet
425 578 536 652 Nobis
563 578 645 652 nihil
664 576 724 651 else
742 579 777 652 in
797 595 904 651 morte
926 577 1134 652 timendum:

226 672 300 742 Nec
319 666 473 741 miserum
493 667 586 755 sieri,
610 670 667 755 qui
689 668 843 754 nonest,
869 665 975 755 polle:
1002 691 1112 756 neque
1127 665 1241 742 hilum
1292 681 1307 756 8

225 754 388 841 Differre,
412 784 456 829 an
476 760 569 830 nullo
587 755 686 829 suerit
702 758 769 846 jam
785 779 933 845 tempore
951 767 1075 845 natus,

225 850 404 921 Mortalem
428 849 531 918 vitam
550 872 639 918 mors
661 850 714 918 cui
734 848 931 919 immortalis
952 847 1087 918 ademit.

227 1003 233 1010 .
271 938 413 1022 Proinde
433 937 492 1008 ubi
510 933 542 1005 se
561 937 671 1008 videas
690 934 861 1008 hominem
881 932 1081 1020 miserarier,
1106 931 1239 1024 ipsum,

224 1023 301 1100 Post
324 1045 466 1097 mortem
491 1023 582 1106 fore,
608 1042 646 1099 ut
665 1045 722 1096 aut
745 1024 907 1112 putrescat
925 1048 1060 1111 corpote
1081 1025 1204 1112 pdsto;

226 1118 295 1187 Aut
315 1116 454 1193 flanrmis
473 1112 640 1198 interfiat,
669 1114 803 1186 malisve
821 1112 983 1186 serarum:
1291 1126 1307 1200 3

226 1207 313 1277 Scire
335 1206 432 1289 licet,
456 1228 526 1273 non
546 1201 708 1275 sancctum
730 1201 866 1289 sonere,
893 1219 992 1289 atque
1011 1197 1135 1273 subesse

226 1296 358 1365 Caecum
374 1295 514 1382 aliquem
528 1294 619 1362 cordi
630 1291 820 1384 stimulum,
846 1292 998 1379 quamvis
1019 1315 1062 1360 ne
1085 1289 1207 1379 etipse

225 1384 366 1470 Credere
384 1380 415 1453 sc
434 1405 630 1470 quemquam
646 1380 708 1453 srbi
729 1379 867 1454 Sensum
886 1383 923 1451 in
938 1396 1044 1450 morte
1062 1315 1231 1454 satiatum.

224 1473 307 1546 Non
332 1473 387 1554 (ut
405 1472 540 1558 opinor)
563 1471 653 1542 enim
676 1471 752 1556 dat,
768 1470 869 1558 quod
887 1471 1049 1557 pronuttit
1071 1496 1083 1550 t
1108 1472 1143 1542 dt
1162 1470 1244 1544 inde

223 1561 298 1635 Nec
318 1561 472 1631 radicitus
494 1559 599 1631 evita
629 1557 660 1629 se
678 1561 787 1646 tollit,
815 1564 848 1631 &
867 1560 962 1638 eicitt
1289 1571 1307 1644 8

225 1652 288 1724 Sed
306 1649 383 1721 facit
401 1648 458 1720 elle
481 1650 538 1721 Sui
559 1649 714 1736 quiddam
733 1648 828 1737 super
847 1648 967 1720 inscius
987 1644 1064 1735 ipse.

224 1740 334 1812 Vivus
356 1741 444 1810 enim
466 1738 630 1812 Sibichm
653 1740 809 1826 proponit
828 1735 963 1826 quisque
1013 1734 1169 1809 fututum

224 1831 365 1917 Corpus¹
380 1830 429 1901 uti
446 1830 596 1900 volucres
621 1829 762 1901 lucerent
781 1829 817 1898 in
841 1846 947 1900 morte
1068 1850 1129 1905 ue;

223 1905 292 2005 Ipse
315 1919 371 1990 Sui
392 1913 548 1990 miseret:
573 1941 680 2005 neque
702 1919 790 1990 enim
812 1918 853 1990 Se
873 1916 1017 1986 vindicat
1030 1914 1153 2002 hilum,

222 2008 296 2080 Nec
313 2025 464 2078 removet
483 2003 558 2102 satis
586 2009 605 2078 a
622 2008 770 2100 projecto
793 2030 956 2096 torpore:
982 2007 1015 2077 &
1034 2003 1118 2076 illud
1291 2017 1307 2089 8

224 2263 276 2320 ilii
321 2265 387 2318 uino
399 2267 461 2336 gri
475 2266 641 2329 nauesumur.
676 2262 766 2334 inepti
799 2265 955 2322 volucribus
969 2265 1116 2326 lateretutt
1136 2264 1307 2334 Quieoimp

222 2333 285 2389 verb
322 2331 419 2389 ifanius·
434 2351 493 2404 cum
509 2331 560 2388 suis
574 2335 653 2389 codd.
672 2334 768 2404 Quibus
801 2336 860 2389 dere
868 2334 957 2389 Terre
972 2333 1007 2388 eil
1016 2334 1148 2396 obtritus,
1170 2350 1197 2387 v.
1210 2339 1272 2398 906.
1305 2377 1307 2386 ,

222 2402 304 2458 laune
313 2419 353 2455 ms
360 2401 452 2466 sumus.
801 2401 971 2471 proculdubio
987 2401 1023 2457 est
1041 2401 1070 2454 ln
1088 2401 1175 2456 Terra
1190 2403 1307 2458 conditu

257 2481 315 2531 881.
336 2469 474 2540 Diffirre.)
491 2472 641 2534 Lambinus,
658 2471 767 2537 Rtfme.
802 2472 939 2528 humatus:
960 2471 1119 2537 Quidigitur
1126 2471 1234 2526 timeret
1239 2479 1307 2539 m

257 2550 315 2599 882.
335 2542 584 2610 Marrimmortalic.)
602 2541 638 2595 Ut
645 2542 712 2607 apud
721 2541 769 2594 Ca·
800 2560 826 2593 re
839 2540 1025 2609 Corporepofllm
1045 2540 1090 2642 qui
1106 2539 1217 2593 Ponam
1230 2549 1301 2593 larva

221 2608 333 2672 tullum,
800 2612 875 2678 primi
889 2625 940 2661 noo
952 2609 1058 2662 timeat.

274 2680 336 2731 Nox
346 2675 377 2736 eil
388 2684 511 2745 perpetua
519 2694 571 2730 una
581 2676 723 2728 abnnineda.
837 2687 895 2743 885.
916 2677 967 2729 Aut
984 2677 1101 2728 Flammis
1114 2676 1179 2727 inter
1196 2671 1250 2744 et.)
1277 2673 1307 2728 n

257 2755 316 2808 883.
338 2747 441 2798 Proinde
450 2746 522 2804 ubist
531 2747 628 2805 videas,
644 2743 718 2811 dcc.)
737 2760 763 2798 v.
801 2763 854 2799 vox
873 2745 919 2798 ista
934 2745 1068 2805 Mummii,
1089 2741 1139 2797 nisi
1173 2741 1249 2797 orsnn
1265 2741 1307 2810 ali(

223 2814 404 2879 uulneraque
431 2809 533 2865 uoldam
544 2811 668 2865 Homines
691 2810 769 2867 dese-
802 2814 901 2867 doleret
919 2809 1274 2879 seFlammr'sabsxanipoffe,
1299 2827 1307 2879 t

222 2881 327 2960 pultura
336 2829 550 2944 nimislolieitos‚
570 2896 676 2947 eamque
687 2877 769 2933 solici·
802 2898 828 2934 v.
849 2895 910 2947 903.
939 2879 965 2933 se
983 2881 1086 2946 ignibus
1104 2880 1205 2946 imponi
1229 2881 1307 2948 patio

222 2949 381 3003 tudinemex
390 2950 509 3014 opinione
525 2950 555 3001 de
572 2950 656 3001 animi
666 2949 770 3002 immor·
801 2948 884 3004 fetat:
904 2947 1041 3002 haliavox
1053 2955 1227 3012 occurreret,
1246 2964 1307 3016 appe

223 3014 522 3072 talitatenatamalsetit:
542 3016 610 3081 Quid
623 3016 766 3082 euimssle,
802 3034 866 3080 rem,
876 3019 981 3071 iuterim
989 3017 1055 3083 lege,
1074 3013 1125 3069 ὲν.
1140 3025 1200 3081 893.
1216 3019 1278 3072 &u
1295 3030 1307 3080 ς

224 3090 267 3155 qui
276 3085 341 3138 nihil
351 3082 482 3138 scalmum
490 3083 515 3139 se
525 3085 580 3153 post
591 3086 706 3139 Mortem
716 3100 770 3139 cte·
802 3086 854 3139 Aut
863 3088 967 3153 interfiat
975 3082 1059 3138 morsu
1072 3085 1305 3149 malasveferm.

223 3158 278 3210 dit.
298 3155 411 3206 Cadaver
421 3154 543 3207 curaret?
562 3151 707 3221 Respexisse
723 3169 768 3208 an·
837 3164 895 3220 885.
915 3151 1056 3219 lonerstat.)
1075 3152 1133 3206 Lib.
1144 3151 1181 3206 11.
1196 3169 1227 3208 v.
1244 3160 1307 3213 1068

222 3234 274 3280 tem
283 3223 386 3276 videtur
395 3223 426 3275 ad
438 3224 529 3277 tritum
540 3223 605 3277 illuri
613 3224 644 3275 de
652 3223 766 3288 Diogen,
802 3223 847 3276 lib.
872 3238 894 3288 5.
915 3239 942 3276 v.
954 3232 1012 3285 889.
1034 3223 1140 3287 confieri.

197 3305 200 3312 ·
225 3297 267 3352 aui
277 3300 380 3358 rogatus
390 3294 602 3358 quemadmodum
614 3292 698 3344 curari
713 3292 769 3345 vel·
837 3297 896 3350 886.
916 3292 1039 3344 Sirenum
1050 3290 1166 3357 fenera)
1182 3288 1245 3345 Lib.
1253 3289 1303 3345 m

223 3365 276 3422 ir,
297 3360 356 3413 tum
366 3368 483 3415 mortuus
493 3360 577 3423 foret,
596 3359 688 3426 projici
696 3358 720 3413 ie
729 3361 769 3412 in·
805 3361 1047 3425 157.seuereautem
1057 3357 1172 3413 Veteres.

223 3435 356 3484 3··..····atum
372 3427 460 3493 jussit,
481 3432 507 3484 &
525 3426 687 3482 causantibus
702 3427 770 3496 qubd
837 3437 896 3491 889.
915 3429 988 3495 Quod
997 3430 1126 3495 promittit,
1144 3425 1270 3494 &indam
1290 3426 1307 3482 d

225 3507 232 3546 .··
253 3519 261 3529 ·¹
275 3500 318 3548 ···is
332 3499 358 3551 dt
375 3497 529 3556 Vulneribus
546 3497 703 3561 laniaretur,
724 3513 767 3563 ap-
803 3497 1037 3551 Pronuurtaounae.
1184 3533 1187 3538 -

223 3587 232 3633 3
258 3613 262 3618 .
300 3568 328 3617 al
349 3583 452 3619 manum
468 3564 538 3630 judit
554 3565 695 3628 baculum,
716 3579 766 3633 quo
838 3573 896 3627 890.
917 3561 1010 3632 Eieit.)
1037 3561 1127 3628 Ejieit.

223 3656 231 3702 j
286 3673 300 3698 ,
321 3635 509 3702 ¹'llas-abigere,
530 3635 556 3688 dc
577 3635 634 3687 exci
654 3633 766 3688 lentibus
838 3643 895 3698 894.
918 3630 1047 3701 Miseret.)
1063 3629 1307 3686 Democrituminbr

224 3725 245 3756 ·:·
262 3721 290 3758 :u
330 3702 449 3770 inponet.
470 3705 522 3756 viz.
535 3702 768 3756 utSennliclllo-
804 3700 868 3755 lavit
894 3700 1044 3768 Epicurum,
1083 3697 1154 3767 quali
1185 3700 1307 3766 diceret}

223 3791 241 3826 τ,
274 3792 298 3824 ru
339 3783 406 3831 ’'us3
433 3772 503 3839 Quid
518 3774 612 3838 igitur,
632 3772 732 3839 inquit,
742 3771 771 3838 ſs
804 3778 912 3823 mortem
940 3771 968 3822 in
998 3769 1110 3836 Corpore
1137 3765 1241 3822 sensum
1270 3767 1308 3822 fui

219 3863 241 3902 ,..·
255 3863 301 3892 ·.;ι
327 3857 343 3884 .·
356 3857 408 3888 «τι-η
427 3842 769 3907 rneainterrritquomodoeua-
807 3839 871 3892 Tull.
884 3839 939 3892 Lib.
953 3835 1187 3904 1.'Tuscul.quaest.
1205 3838 1233 3890 dt
1248 3853 1307 3891 mur

226 3933 235 3976 .·'
257 3935 263 3947 ··
292 3929 363 3961 aaron·
384 3916 481 3962 terrra?
804 3903 986 3973 Philosophum
1011 3905 1147 3960 Lucretius
1165 3905 1209 3958 hic
1237 3904 1290 3959 loci

262 3990 315 4040 t.
365 3979 481 4034 ‘iriensier
495 3975 606 4044 ipsum.)
635 3976 686 4029 alii
698 3975 769 4028 Indi·
804 3976 887 4042 stiunt.

222 4065 266 4113 ,ςυ-
285 4053 317 4092 fu·
329 4065 339 4104 ·,
369 4046 517 4099 burla-nent
529 4045 621 4114 quibus
632 4044 723 4111 placet.
839 4053 897 4107 894.
917 4042 948 4095 Se
957 4041 1093 4108 vindicat.)
1113 4040 1165 4094 Alii
1177 4040 1287 4106 dividit,
1304 4061 1307 4087 ι

260 4143 283 4172 ..e
310 4155 313 4162 .
340 4114 536 4181 rapham-²0.)
554 4112 666 4179 Corpore
679 4113 769 4164 hnma-
804 4111 969 4174 voxqveteris
989 4109 1106 4164 lestionis
1125 4109 1264 4177 vestigiis,
1287 4127 1307 4163 a

223 4199 244 4235 ·.
263 4231 265 4236 .
335 4185 361 4235 in
377 4183 460 4236 Terra
477 4183 596 4247 condito,
618 4182 767 4250 Lambriaca:
804 4183 867 4232 enim
874 4181 988 4244 sevicie,
1012 4180 1093 4247 magis
1106 4176 1205 4231 insiliit.

312 4279 317 4302 ,-
330 4269 366 4318 qo
384 4250 467 4316 verb,
489 4254 587 4321 Corpore
604 4249 687 4319 pollo,
706 4245 767 4304 ota
839 4258 898 4314 895.
912 4244 1123 4316 Remwusatri.)
1140 4246 1230 4313 Fetus,
1243 4245 1307 4366 &s

1297 4333 1307 4364 1

226 4563 325 4589 Q
