3150 4967
233 465 305 540 334
612 438 658 518 T.
686 437 989 522 LUCRETII

231 625 345 712 Qtam
367 615 432 691 lint
446 619 513 690 lata
532 618 659 708 magis,
687 618 785 707 quim
803 613 933 689 sursum
952 615 1116 690 exstrutla
1137 615 1223 708 quid
1237 631 1358 700 extenta
1405 627 1408 700 ἑ

232 710 483 796 Contemplator
504 710 595 779 enim
613 712 689 780 calm
708 706 880 779 montibus
903 706 1083 779 adsimilata

231 799 358 874 Nubila
379 797 560 886 portabunt
577 799 680 871 Venti
699 793 879 868 transversa
899 821 957 884 per
979 821 1097 869 auras:
1405 851 1408 898 ἶ

232 893 300 962 Aut
322 886 382 958 ubi
400 910 459 975 per
483 911 622 976 magnos
647 886 789 958 menteis
811 887 980 957 cumulata
999 886 1129 960 videbis
1308 907 1363 978 ¹90

231 973 367 1064 Insuper
393 974 453 1047 else
473 978 545 1047 aliis
563 977 646 1062 alia,
672 993 768 1063 atque
791 999 907 1066 urgere
929 973 1069 1063 superna

232 1069 273 1142 In
292 1066 430 1137 statione
449 1066 553 1137 locata
571 1064 703 1153 sepultis
720 1065 868 1151 undique
889 1067 1017 1136 ventist

231 1159 324 1229 Tum
343 1156 466 1243 peteris
484 1179 619 1244 magnas
638 1153 755 1226 meleis
777 1150 971 1242 cognoscere
992 1177 1121 1225 eorum.

235 1247 477 1334 Speluncasque
496 1247 587 1316 velut
604 1241 687 1340 laxis
705 1243 918 1331 pendentibu'
940 1243 1077 1315 struelas

234 1339 399 1420 Cernere,
424 1358 504 1421 quas
522 1335 617 1404 venti
637 1337 736 1419 ciam,
764 1331 953 1420 tempestate
971 1350 1102 1412 coorta,
1309 1345 1366 1424 195,

235 1425 478 1511 Complerunt,
502 1447 625 1512 magno
644 1423 861 1512 indignantur
883 1446 1056 1494 murmure
1078 1417 1177 1494 clauli

233 1514 417 1599 Nubibus,
442 1514 479 1584 in
497 1509 665 1600 caveisque
682 1509 825 1583 ferarum
844 1536 937 1583 more
958 1514 1150 1584 minantur:

235 1606 340 1678 Nunc
359 1600 462 1688 hinc,
487 1627 579 1674 nune
597 1604 687 1673 illinc
705 1599 856 1672 fremitus
876 1625 933 1689 per
952 1602 1079 1674 Nubila
1097 1601 1263 1690 mittuntt

235 1689 493 1782 Qraerentesquc
518 1693 608 1763 viam
629 1688 948 1776 circumveniantur,
975 1692 1115 1780 &ignis

236 1783 369 1856 Semina
393 1783 602 1854 convolvunt
622 1781 640 1852 ὲ
658 1780 839 1854 Nubibus:
864 1801 961 1868 atque
982 1781 1027 1851 ita
1046 1796 1172 1870 cogunt
1307 1799 1364 1857 200

238 1872 369 1958 Multa,
394 1890 504 1943 rotant
527 1896 568 1942 ue
588 1872 676 1942 cavis
694 1869 861 1941 flammam
880 1866 1069 1943 fornacibus
1088 1869 1204 1960 intits,
1255 1953 1258 1958 ,

236 1964 356 2033 Donec
373 1959 495 2032 divolsa
505 1896 677 2032 qfulserunt
691 1961 782 2030 nube
804 1958 937 2030 corusci.

282 2052 356 2120 Hac
379 2051 479 2120 ctiam
498 2048 538 2122 fit
556 2052 607 2123 uti
626 2051 667 2121 de
686 2046 778 2121 causa
797 2047 1001 2120 mobilis·ille

236 2139 381 2210 Devolet
400 2139 574 2209 interram
594 2139 710 2227 liquidi
731 2139 822 2210 color
843 2162 962 2210 aureus
980 2138 1089 2227 ignis,

240 2228 371 2302 Semina
393 2227 483 2314 quud
504 2229 636 2300 Nubeis
652 2225 734 2316 ipsas
756 2229 919 2314 permulta
937 2225 1099 2320 necetie'st
1310 2237 1370 2314 205

238 2319 328 2406 Ignis
352 2315 490 2388 habere:
516 2319 640 2388 etenim
658 2319 735 2388 crim
754 2315 833 2388 sunt
852 2315 993 2388 humore
1012 2315 1080 2388 fine
1101 2315 1194 2404 ullo,

239 2410 426 2480 Flammeus
450 2405 496 2477 etl
516 2407 708 2495 plenpmque
732 2407 821 2477 colos
848 2402 1085 2493 &splendidus
1106 2406 1193 2480 ollis.

238 2498 373 2587 Qrippe
393 2497 516 2568 etenim
532 2497 615 2569 Solis
640 2496 681 2568 de
705 2497 832 2567 lumine
855 2497 961 2567 multa
980 2493 1142 2567 necelle’st

240 2588 446 2673 Concipere,
471 2605 510 2658 ut
533 2587 654 2657 meriti>
668 2584 830 2667 rubeant,
856 2581 1021 2673 igneisque
1040 2582 1256 2672 profundant.

237 2673 343 2768 Hasce
364 2676 464 2763 igitur
487 2677 564 2745 ciant
577 2676 710 2747 Ventus
728 2701 829 2763 agens
855 2673 1014 2746 conttufit
1034 2677 1070 2745 in
1089 2698 1202 2746 unum
1312 2693 1368 2750 210

238 2761 500 2852 Compreffitque
519 2766 629 2834 locum
648 2788 790 2852 cogens:
816 2761 958 2852 expreffa
977 2761 1188 2852 profundum

239 2856 393 2939 Semina,
420 2877 492 2939 quac
510 2849 636 2923 faciunt
656 2852 796 2924 flammae
814 2852 939 2942 fulgere
960 2855 1097 2925 colores.

283 2944 395 3033 Fulgit
408 2944 489 3013 item
500 2992 513 3031 ,
538 2942 616 3015 crim
629 2940 797 3016 rarescunt
814 2967 945 3033 quoque
967 2943 1096 3017 Nubila
1115 2942 1203 3015 coeli.

1246 3069 1371 3150 ,Nau

240 3359 353 3427 quadarn
367 3354 502 3427 subjungit
512 3358 542 3413 dc
552 3355 636 3412 Vento
651 3356 720 3410 inter
736 3354 794 3411 Nu·
827 3357 891 3422 ltus,
913 3356 940 3411 id
956 3356 1027 3412 enim
1043 3363 1099 3414 teta
1114 3355 1229 3424 pullulat
1246 3355 1371 3416 sententie·

239 3428 285 3480 bes
299 3426 447 3492 fremente,
469 3430 494 3482 δι
510 3429 683 3481 tandemcutn
692 3424 794 3495 Fulgo-
862 3438 922 3492 203.
942 3426 1000 3479 Hae
1016 3429 1137 3548 ιιίαηιΝβὲ
1155 3430 1211 3493 uti,
1234 3427 1304 3497 Sec.)
1321 3427 1373 3482 Nar

240 3510 269 3549 te
287 3505 446 3562 erumpente.
828 3493 932 3550 tantum
948 3494 1020 3562 Ignis
1039 3493 1066 3548 in
1106 3494 1201 3550 ubibue
1216 3496 1375 3552 circumnu·

277 3577 333 3628 194
353 3564 425 3618 Scae
438 3559 622 3633 pendentibus.)
640 3561 672 3615 ln
689 3558 795 3630 spelun-
829 3572 872 3618 tus
893 3563 998 3618 accendi
1018 3563 1118 3632 potest,
1149 3562 1218 3620 ledi
1294 3565 1375 3621 unae

241 3632 278 3685 cis
294 3630 364 3686 enim
379 3631 447 3685 Saxa
461 3634 583 3686 videntur
595 3633 715 3700 pendete,
726 3633 792 3685 Pen-
828 3632 912 3687 multa
925 3632 997 3700 Ignis
1018 3629 1184 3700 corpuscula,
1225 3652 1262 3690 ve
1281 3633 1298 3689 i
1314 3631 1374 3696 lule,

241 3703 320 3753 alentio
349 3698 441 3766 Terin,
472 3700 616 3769 Virgilius,
648 3702 675 3756 &
703 3699 794 3769 paffim
827 3709 858 3755 ut
880 3703 967 3755 decuit
987 3701 1174 3769 Empedocles,
1203 3700 1263 3759 live
1280 3703 1376 3758 alianrle

240 3770 334 3824 Poeta.
415 3791 417 3796 ·
827 3779 930 3839 accepta
948 3772 1100 3832 contineam
1136 3770 1252 3826 Idenim
1273 3771 1376 3842 splenii·

276 3846 334 3903 196.
355 3837 455 3904 Magno
470 3837 626 3904 indignantur
642 3835 793 3906 murmure.)
828 3841 876 3893 dus
901 3841 928 3893 8r
954 3839 1088 3893 flammeus
1116 3838 1195 3894 Celet
1221 3841 1378 3910 quamnim

240 3905 398 3971 DeVentis,
420 3906 492 3974 Virg.
829 3906 939 3961 nubium
954 3908 1130 3969 demonstran
1158 3907 1378 3966 lllaautemCat·

292 3977 338 4030 Illi
346 3977 494 4044 indigenum
501 3992 587 4043 magno
603 3991 659 4029 cum
669 3991 791 4029 munnere
829 3973 935 4044 pulcula
948 3975 963 4029 ὲ
974 3977 1069 4043 Vento,
1088 3977 1305 4045 compellente&
1317 3993 1378 4033 cun·

340 4048 427 4098 montr'r
828 4044 956 4111 primente
973 4043 1082 4112 Nubes,
1102 4045 1335 4118 expreffauulgur
1344 4042 1378 4102 tf·

294 4113 389 4166 Circam
404 4110 506 4177 claustra
515 4112 637 4177 fremunt.
658 4135 741 4153 ·-
827 4112 937 4180 ficiunt,
956 4131 984 4167 v.
1003 4129 1043 4168 11.

275 4194 336 4235 200.
355 4180 545 4250 ENubr'bur.)
570 4178 634 4248 Leg.
654 4182 688 4234 In
706 4181 791 4236 ΜΗ-
859 4194 920 4250 213.
942 4183 1029 4253 Fulgit
1037 4188 1112 4253 item,
1133 4179 1205 4253 irc.)
1222 4181 1381 4310 Mergbeffi
