3150 4967
458 447 638 530 LIBER
695 446 948 532 SEXTUS.
1198 467 1271 548 367
1313 443 1335 528 .’

242 640 282 689 ne
306 615 474 690 Homines
494 617 651 704 lapidem
675 618 862 704 mirantur,
887 618 1007 707 quippe
1019 634 1169 693 catenam
1203 644 1273 710 910

249 731 292 778 ex
310 708 447 779 anneliis
471 707 579 779 reddit
598 707 819 795 pendentibus
839 704 939 779 exse.

242 822 294 885 pue
316 798 438 868 etenim
467 798 542 868 licet
559 798 747 884 intendem,
770 795 956 885 pluteisque
978 798 1090 871 videre

242 912 266 957 ie
293 882 438 971 demisso,
465 885 596 957 levibus
619 887 771 978 jadarier
790 888 897 973 aurit,

251 975 310 1047 ubi
334 1000 375 1047 ex
393 999 462 1048 uno
476 975 639 1063 dependet
660 974 771 1047 subter
786 976 978 1055 adhaerenst
997 981 1000 992 “

244 1089 331 1152 oque
350 1065 435 1136 alius
455 1065 587 1153 Lapidis
608 1067 703 1149 vim,
729 1065 900 1154 vinclaque
920 1063 1046 1138 noscit:
1204 1086 1273 1159 915

242 1156 329 1225 adeo
342 1172 573 1242 permananter
600 1155 652 1225 vis
667 1156 813 1241 pervalet
833 1157 913 1241 ejus.
1154 1217 1156 1222 ,

242 1267 373 1332 egenus
394 1244 430 1313 in
451 1244 551 1315 rebus
570 1240 773 1315 firmandum
792 1242 831 1318 'st
853 1245 959 1318 multa
978 1245 1089 1335 priris,
1114 1247 1214 1335 quim

259 1334 317 1424 reij
344 1333 509 1404 rationem
531 1332 665 1404 reddere
685 1330 806 1420 poffis:
1182 1356 1188 1363 ·

242 1424 346 1494 mium
363 1422 470 1510 longis
488 1422 682 1510 ambagibus
701 1422 746 1492 est
763 1422 977 1496 adeundum:

242 1513 343 1600 magis
363 1527 504 1582 attentas
525 1513 656 1597 aureis,
680 1513 894 1600 animumque
910 1510 1053 1601 reposco.
1205 1536 1274 1605 920

242 1602 369 1689 rcipid,
393 1599 552 1672 omnibus
574 1601 732 1680 imbus,
759 1600 967 1690 quascunque
992 1603 1169 1695 videmus,

242 1689 440 1776 dissiluere,
465 1713 503 1762 ac
522 1690 631 1776 mitti,
658 1688 728 1779 spat
751 1694 827 1778 ique
842 1691 1002 1764 neceffe’st

242 1803 307 1865 ira,
332 1803 406 1868 quae
421 1776 541 1851 feriant
561 1780 676 1852 oculos
693 1716 867 1868 visumque
887 1781 1059 1853 lacessente

242 1872 364 1957 tubque
384 1868 495 1940 fluunt
511 1870 607 1940 certis
627 1870 667 1941 ab
687 1869 785 1941 rebus
809 1870 952 1956 odom,

242 1984 253 2030 s
277 1957 493 2044 utrifluviis,
520 1959 618 2030 Calor
639 1961 658 2029 ai
681 1956 767 2045 sole,
792 1959 898 2032 AEstus
921 1959 962 2030 ab
982 1960 1081 2035 undis
1204 1978 1276 2053 925

243 2048 289 2119 ris
308 2044 421 2118 exesor
440 2071 623 2119 moerorum
643 2049 752 2120 littora
777 2069 931 2135 propter:

242 2137 312 2207 rarii
331 2135 449 2207 cessant
474 2134 601 2210 sonitus
623 2161 755 2209 manare
780 2140 988 2226 perAureis.

242 2251 293 2313 pue
312 2227 348 2298 in
371 2228 422 2297 Os
444 2223 514 2296 salsi
534 2228 626 2297 venit
647 2224 769 2297 humor
790 2224 873 2314 saepe
890 2224 1032 2316 saporis,

252 2339 341 2387 mare
365 2312 533 2387 versamur
551 2335 702 2403 proptert
727 2316 896 2403 dilutaque
914 2341 1027 2390 contra

249 2407 375 2477 tuimur
395 2401 522 2475 misceri
546 2404 724 2492 Ablinthia‚
748 2408 854 2495 tangit
873 2409 1034 2479 Amator:
1208 2428 1276 2499 930

242 2495 333 2566 {adeo
351 2494 509 2565 omnibus
533 2494 575 2565 ab
603 2496 702 2567 rebus
723 2519 775 2567 res
797 2520 934 2583 quaeque
955 2497 1095 2568 fluenter

242 2609 277 2670 r,
309 2587 340 2656 u
363 2587 399 2655 in
421 2586 555 2656 candias
575 2584 754 2657 dimittitur
774 2585 919 2672 undique
941 2587 1079 2673 parteis:

242 2697 349 2761 nota,
374 2697 436 2746 nec
455 2677 583 2833 retffpuies
607 2675 692 2746 inter
712 2675 809 2746 datur
825 2676 889 2745 ulla
909 2674 1057 2761 fluendi,

242 2766 305 2837 tub
324 2765 482 2851 quoniam
509 2766 678 2850 emimus,
706 2768 738 2836 ἃ
759 2767 872 2836 omnia
884 2761 1008 2853 semper

242 2878 307 2940 tre,
335 2853 481 2925 Odorari
509 2855 604 2939 licet,
631 2856 662 2926 8ι
685 2850 804 2926 sentire
825 2857 1013 2927 sonorem·
1208 2871 1278 2947 935

242 2967 290 3015 me
313 2967 430 3014 omnes
453 2966 596 3030 repetam
618 2946 717 3030 quim
736 2969 810 3014 raro
831 2969 965 3031 corpore
986 2942 1050 3014 fine
1067 2966 1139 3030 res,

242 3057 434 3111 memorare,
460 3033 548 3120 quod
573 3035 606 3103 in
626 3036 733 3121 primo
758 3058 890 3119 quoque
909 3035 1053 3103 carmine
1076 3034 1182 3105 claret.

242 3146 278 3210 pe
297 3125 442 3206 etenim,
469 3145 668 3210 quamquam
690 3125 810 3194 meritas
829 3119 893 3192 hoc
911 3124 1051 3208 pertinet
1065 3122 1104 3193 ad
1124 3148 1177 3195 res

242 3236 308 3298 ere,
334 3214 545 3299 cumprimis
570 3212 656 3284 hanc
677 3215 718 3283 ad
740 3237 808 3283 rem
829 3213 980 3298 protinus
1004 3209 1129 3298 ipsam,

242 3302 282 3372 de
304 3300 451 3372 disserere
471 3302 664 3389 aggredior,
692 3300 822 3372 firmare
840 3298 999 3371 necessc’st
1211 3319 1280 3392 940

242 3388 288 3461 :ise
307 3392 341 3467 in
360 3408 539 3478 promptu,
565 3388 626 3461 nisi
648 3392 784 3463 mistum
806 3393 936 3479 Corpus
958 3389 1065 3461 Inani.

244 3482 355 3571 ncipio
377 3478 438 3570 fit,
463 3498 503 3554 ut
522 3482 560 3554 in
578 3477 738 3570 speluncis
756 3477 831 3554 saxa
850 3478 987 3571 superna
1022 3485 1025 3494 '

1107 3577 1116 3584 -
1154 3626 1282 3703 Sudcnt

260 3913 342 3973 Arcti.
379 3915 450 3983 Atii,
472 3911 580 3972 Hamis:
601 3913 719 3974 istite-t
733 3913 782 3973 bus
801 3916 871 3970 auris
891 3910 983 3983 agitati
1000 3906 1167 3983 miserescit,
1186 3913 1232 3982 qui
1242 3914 1283 3968 vi·

242 3985 302 4048 itit
349 4004 414 4056 eque
432 3989 501 4042 enim
518 3986 637 4041 istavcce
652 3985 700 4039 buc
714 4006 718 4030 ·
734 3988 773 4041 dit
784 3985 903 4040 Annales
922 3981 1077 4052 suspensos?

242 4063 377 4110 tereretur
397 4056 553 4116 Lucretius,
576 4069 627 4123 qua
640 4063 700 4109 ante
768 4069 828 4117 921.
849 4056 991 4122 Principio,
1006 4051 1125 4120 omnibu,
1135 4050 1203 4119 dre.)
1221 4048 1279 4105 vit.

242 4141 267 4188 t,
289 4134 366 4189 1087.
388 4126 427 4178 uti
445 4140 498 4177 non
514 4124 619 4177 debuit:
655 4140 701 4177 ne·
734 4122 780 4180 lib.
794 4123 840 4182 tv.
852 4136 948 4189 v.217.

242 4193 298 4250 imis
312 4191 571 4262 immutamur,
590 4200 618 4250 at
634 4190 702 4248 levi·
