3150 4967
459 455 636 564 'LIBER
687 458 993 569 Qurnrus.
1163 537 1166 544 .
1231 499 1302 571 239

167 625 437 745 :litationem
462 642 558 728 plane
576 640 601 714 li
626 651 675 714 'res
697 666 860 731 exponere
877 667 1024 715 avemus.

208 733 392 820 Qtaeritur
411 754 447 801 rn
469 732 603 818 primis,
628 756 748 819 quare,
774 733 864 819 quo'd
889 734 968 819 quoi
982 728 1033 803 ¹ue
1055 731 1158 806 libido
1239 750 1305 825 780

167 819 338 905 Venerit,
364 822 528 907 extemplo
548 822 648 893 Mens
669 824 790 910 'cogitet
810 823 879 909 ejus
900 758 1052 907 idipsum.

167 908 271 983 Anne
290 910 499 979 'voluntatem
525 908 668 980 nostrum
688 912 867 982 Simulacra
884 913 1046 985 tuentur?

167 999 211 1071 Et
231 996 572 1091 simulacu'volumus,
596 998 693 1069 nobis
714 1001 856 1070 occurrit
871 1001 1011 1087 Imago?
1039 1076 1042 1082 ,

167 1089 205 1160 Si
227 1090 348 1173 Mare,-
374 1084 399 1157 si
420 1089 558 1159 Terram
573 1089 663 1159 cordi
685 1086 743 1173 ’st,
768 1086 793 1159 fi
814 1089 953 1175 denique
975 1089 1128 1175 Ocelum,

167 1173 376 1248 Conventus
398 1174 603 1263 hominum,
621 1178 802 1263 Pompam,
830 1178 1015 1264 Convivia,
1042 1180 1193 1269 Pugnae,
1238 1193 1305 1271 785

168 1265 306 1337 Omnia
326 1262 385 1335 sub
397 1265 554 1335 'verbone
574 1277 661 1336 creat
680 1268 830 1352 Natura,
856 1268 1037 1354 paratque?
1106 1283 1122 1304 '

169 1346 294 1441 Qiom
320 1352 494 1441 pr'aese'rtim
512 1356 583 1425 eliis
603 1356 715 1425 eadem
735 1357 769 1425 in
796 1357 949 1443 regione,
975 1357 1113 1444 locoque

167 1440 294 1531 Longe
307 1441 489 1524 ‚dilsrnrilei's'
503 1446 641 1515 Animus
660 1468 711 1515 res
735 1450 856 1531 cogitet
879 1446 1013 1531 omnis?

216 1527 317 1622 Quid
337 1557 458 1619 porro,
483 1534 520 1602 in
542 1545 720 1604 numerum
741 1534 914 1620 procedere
935 1558 1038 1626 quom
1058 1536 1236 1608 Simulacra

168 1606 355 1693 Cernimus
380 1620 580 1708 insomnis,
606 1624 765 1693 &mollio
783 1623 930 1692 membro
952 1638 1109 1709 movere,
1237 1649 1318 1716 790¹

168 1709 293 1789 ,Mollia
318 1709 483 1781 'mobiliter
503 1726 605 1797 quom
624 1713 755 1781 alternis
779 1709 910 1799 brachiu
934 1714 1101 1785 mittunt?

171 1797 399 1887 Etrepet'unt
422 1800 526 1870 oculis
545 1799 672 1888 gestum
689 1801 770 1887 pede
792 1802 1001 1871 convenienti
1018 1803 1045 1872 :²—
1146 1825 1148 1829 ’
1229 1807 1232 1813 ’

174 1885 305 1961 Scilicet
328 1898 397 1959 'orte
417 1890 551 1960 madent
567 1891 742 1962 Simulacra
762 1894 795 1961 &
816 1890 910 1961 dosia
929 1901 1124 1978 vagantur,

176 1967 355 2051 Noctuine
378 1974 482 2048 sedere
499 1996 539 2049 ut
562 1977 682 2066 poffint
700 1981 736 2049 in
757 1998 903 2066 tempore
925 1980 1044 2049 ludos?

180 2066 227 2158 ln
243 2067 349 2155 magis
371 2067 451 2137 illud
471 2069 532 2138 erit
552 2091 690 2153 verum,
717 2070 792 2154 quia
814 2089 960 2155 tempore
987 2070 1111 2159 inuno
1133 2092 1134 2095 ’
1236 2087 1303 2163 795

182 2156 267 2227 Crini
287 2154 448 2228 sentimus
470 2156 525 2227 id:
549 2176 589 2229 ut
606 2157 682 2227 citm
701 2181 770 2227 vox
790 2158 949 2229 emittitur
967 2178 1051 2227 uno:

182 2243 345 2333 Tempora
365 2246 469 2317 multo
489 2246 609 2332 latent,
635 2246 718 2317 ratio
738 2262 811 2333 qu'ae
834 2247 992 2333 comperit
1016 2246 1095 2319 else:
1205 2297 1207 2302 ,

183 2330 351 2423 Propterea
369 2332 431 2417 fit,
455 2336 505 2405 uti
524 2337 641 2421 quovis
662 2336 697 2405 in
717 2354 863 2423 tempore
885 2360 1021 2422 quaeque
1209 2354 1211 2358 ’

183 2419 297 2496 Praesto
319 2420 383 2493 sint
401 2425 579 2495 Simulacra
600 2426 679 2495 locis
702 2426 737 2494 in
759 2422 911 2511 queisque
931 2426 1067 2511 parata?

182 2511 286 2585 senta
307 2511 353 2584 est
375 2513 560 2599 mobilitas,
587 2516 757 2585 &eorum
778 2515 870 2600 copie
889 2534 988 2584 tanta.
1236 2527 1303 2601 800

218 2603 264 2675 Et
283 2602 360 2689 quie
384 2604 496 2672 tenuia
513 2599 612 2690 sunt,
637 2600 697 2672 nisi
716 2600 747 2671 se
770 2604 961 2686 contendit,
975 2600 1080 2672 'acute

181 2689 320 2762 Cernere
338 2715 409 2761 non
431 2692 517 2777 potis
537 2690 583 2761 est
600 2693 760 2769 llnimust
782 2693 921 2778 proinde
939 2715 1050 2761 omnio
1060 2743 1071 2778 ,
1097 2715 1169 2780 quae
1185 2689 1264 2764 sunt

180 2777 359 2866 Praeterea,
384 2798 541 2866 pereunt,
566 2779 628 2855 nisi
648 2779 690 2850 lic
709 2778 773 2850 sese
796 2778 860 2868 ipse
884 2782 1020 2867 paravit.
1170 2794 1173 2798 '

175 2864 244 2955 Ipse
263 2888 357 2957 parat
375 2866 439 2939 sese
459 2894 578 2957 porro,
602 2868 768 2957 speratque
791 2867 963 2954 suturum,

176 2958 224 3031 Ut
243 2958 375 3044 videat,
401 2960 491 3045 quod
512 2957 718 3047 consequitur
736 2982 1006 3045 remquamque:
1032 2954 1071 3028 fit
1089 2981 1176 3047 ergo.
1236 2972 1305 3051 805

217 3049 347 3120 Nonne
368 3049 482 3134 vides,
508 3050 634 3121 Oculos
659 3051 775 3129 etiam,
801 3072 924 3135 quom,
949 3045 1060 3118 tenuia
1077 3072 1151 3133 quae
1169 3045 1255 3136 fine,

174 3135 321 3209 Cernere
340 3144 528 3225 coeperunt,
555 3138 751 3209 contendere
770 3134 822 3217 se,
848 3155 944 3223 atque
963 3145 1114 3223 parare,

173 3225 250 3299 Nec
267 3223 336 3296 fine
355 3250 394 3296 eo
414 3224 486 3297 lieri
504 3224 609 3313 posse,
633 3245 672 3298 ut
691 3250 862 3297 cemamus
883 3226 1001 3297 acute?
1040 3233 1044 3239 ’

171 3315 218 3388 Fe
235 3315 405 3404 tumendo
426 3316 525 3386 rebus
546 3328 676 3404 quoque
694 3319 811 3402 apertis
829 3312 959 3385 noscere
980 3310 1105 3401 poffis,
1179 3346 1184 3351 ·

174 3404 209 3476 si
229 3427 301 3474 non
317 3404 467 3489 advertas
487 3406 667 3490 Animum,
692 3404 830 3492 proinde
853 3401 931 3489 else,
958 3397 1047 3489 quasi
1074 3400 1167 3473 omni
1235 3415 1302 3489 810

171 3493 348 3579 Tempore
360 3490 492 3564 semotae
509 3491 653 3579 suerint,
679 3495 839 3581 longeque
860 3510 1004 3562 remotae.
1047 3543 1051 3549 -

172 3582 246 3652 Cur
264 3580 364 3670 igitur
377 3582 571 3671 mirumest
582 3634 594 3671 ,
623 3584 761 3655 Animus
784 3581 808 3653 si
829 3602 941 3653 coetero
959 3579 1085 3668 perdit,

170 3668 297 3743 l'raeter
316 3673 414 3759 quim
431 3673 551 3761 quibus
570 3673 616 3745 est
638 3675 674 3744 in
692 3673 791 3745 rebus
811 3672 941 3745 deditus
964 3666 1056 3759 ipse?

1171 3769 1302 3842 Deinde

202 3971 267 4028 m·
288 3937 444 4029 Reme.)
470 3914 720 4031 reuomente.
754 3957 811 4014 et:
831 3958 996 4021 irritamen,
1020 3954 1115 4012 Vareni.

170 4046 233 4102 gu,
254 4030 361 4100 perinde
370 4029 413 4087 cst.
787 4036 849 4096 796.
871 4029 933 4081 Cum
936 4029 1055 4090 sentimus
1066 4028 1107 4091 iil,
1129 4027 1179 4081 &o
1208 4031 1215 4044 “
1232 4023 1303 4090 Alii,
1388 4043 1398 4100 ρ,

202 4111 268 4164 792.
290 4097 407 4165 Repetunt
419 4096 530 4169 ocule.)
564 4098 647 4154 Aberr
662 4098 720 4153 Vox
790 4091 978 4159 consentimus,
998 4095 1085 4158 idest,
1106 4112 1160 4147 eum
1194 4100 1304 4149 exemit·
1384 4113 1388 4143 z

171 4167 273 4230 vodis,
294 4168 320 4220 o
344 4164 466 4223 succedat
480 4168 555 4233 ore,
581 4167 719 4235 Brochoi,
755 4170 817 4219 titur
826 4184 892 4236 uoq:
914 4166 1023 4229 ejiciunt
1042 4162 1200 4231 interpretes
1215 4163 1305 4219 melio·

168 4237 223 4290 viz.
237 4233 340 4289 meliori
350 4238 417 4301 J'ure.
525 4303 528 4310 Δ
604 4302 608 4309 ,
733 4247 818 4348 ljres,
837 4228 1138 4310 necEgorevocm,

203 4313 268 4373 793.
287 4301 348 4359 Aru
355 4302 483 4374 madero.)
499 4302 628 4362 necere
638 4302 722 4377 &re-
748 4293 1309 4420 ·&plurilusdediturosrellollhnug
