3150 4967
225 448 296 530 366
597 439 641 518 T.
680 435 981 519 LUCRETII

223 608 266 680 Et
284 603 404 676 scatere
429 605 483 676 illa
500 603 587 676 foras
605 605 642 676 in
667 604 795 692 stupam
815 605 967 678 Semina:
992 605 1062 693 qub
1081 603 1159 676 clun

223 699 463 779 Conveniunt,
489 718 547 766 aut
560 694 637 765 crint
659 695 747 766 teda'i
770 695 899 783 corpori
924 693 1114 780 adhaerent,

224 782 404 856 Ardescunt
424 782 517 854 sacili
536 785 721 871 extemplo:
749 785 826 872 quia
848 783 954 854 multa
972 807 1106 871 quoque
1127 777 1214 854 inse

225 877 357 946 Semina
379 873 503 943 habent
521 875 605 961 ignis
627 873 727 960 stupae
744 873 892 962 tcdaeque
910 891 1071 944 tenentes.
1350 948 1361 959 ,

269 965 395 1034 Nonne
418 963 511 1033 vides
532 965 651 1048 etiam,
677 966 840 1034 nocturna
862 961 903 1032 ad
926 963 1055 1033 lumina
1071 959 1247 1050 Lychnum
1279 979 1326 1048 900
1342 963 1358 1056 μ’

224 1053 342 1138 Nuper
364 1052 421 1123 ubi
441 1053 624 1122 extinttum
643 1053 846 1138 admoveas,
870 1049 1038 1121 accendier
1056 1051 1134 1122 ante
1359 1061 1362 1068 “

226 1147 337 1229 Qum
362 1143 469 1228 tetigit
487 1139 680 1211 lammam?
702 1142 877 1228 tedamque
900 1140 970 1228 pati
990 1140 1147 1214 ratione?

226 1233 400 1318 Multaque
423 1247 597 1316 praeterea,
623 1231 712 1316 prius
734 1228 804 1316 ipso
823 1233 908 1300 tutta
923 1253 1046 1316 vapore

226 1321 366 1391 Eurinus
386 1315 575 1398 ardescunt,
601 1321 699 1406 qu'am
718 1321 869 1391 cominus
883 1319 1010 1389 imbuat
1023 1319 1120 1406 ignit.

225 1411 301 1481 Hoc
323 1412 422 1496 igitur
444 1405 516 1477 fieri
535 1432 666 1495 quoque
688 1409 722 1478 in
744 1409 801 1479 illo
819 1409 923 1480 Fonte
946 1404 1181 1494 putandum‘st.
1281 1413 1322 1495 prs

272 1499 374 1584 (Quod
394 1494 556 1582 superest,
581 1522 675 1586 agere
697 1500 852 1584 incipiam
871 1521 939 1583 quo
958 1495 1081 1568 liedete
1098 1495 1160 1568 siut

225 1587 385 1672 Nuturae,
412 1588 507 1672 Lapis
531 1584 586 1657 hic
607 1607 644 1657 ut
661 1583 786 1658 serrum
812 1585 931 1656 ducere
956 1583 1074 1673 poffit,

227 1681 338 1766 Qum
358 1679 514 1764 blagneta
533 1695 651 1747 vocant
671 1678 776 1763 patrio
797 1675 837 1745 de
859 1675 996 1746 nomine
1013 1675 1130 1764 Graii,

227 1771 425 1857 Magnetum
443 1767 520 1854 quia
537 1763 579 1838 lit
597 1766 712 1855 patriis
733 1767 768 1837 in
789 1762 916 1840 finibus
936 1783 1040 1838 ortus.

263 2109 322 2168 899.
346 2107 443 2162 Habent
457 2109 528 2164 Tuta
548 2105 683 2231 tenentes.)
717 2107 912 2179 Mamercium
931 2123 983 2176 quo
993 2101 1107 2174 Magnes
1120 2101 1259 2165 Ferrum
1353 2105 1362 2180 l

228 2170 307 2225 Tedu
325 2179 478 2242 continent,
499 2187 528 2233 ut
543 2179 589 2232 lib.
606 2178 626 2231 l.
680 2178 777 2245 mplexi
792 2201 795 2208 ·
808 2179 951 2231 Fertumve
979 2177 1010 2228 ad
1033 2176 1081 2228 Ma
1101 2185 1190 2230 netem
1207 2172 1294 2232 fertur.

229 2242 296 2309 quod
316 2245 426 2321 babent,
447 2247 546 2311 idest,
566 2246 774 2314 Amplebtnntur.
793 2254 895 2306 ,eutem
911 2247 939 2297 in
960 2261 992 2300 eo
1005 2243 1072 2297 const
1097 2245 1135 2310 't,
1158 2254 1191 2300 ut
1208 2245 1337 2302 effluent!

263 2318 321 2374 906.
343 2316 416 2381 ,Quod
429 2315 554 2382 superest,
573 2334 640 2381 agere
652 2319 775 2380 incipiam,
791 2315 932 2380 {Magnete
948 2310 1116 2380 corpuscula,
1138 2330 1237 2383 exque
1252 2313 1340 2378 field
1359 2290 1362 2338 l

231 2381 307 2446 tte.)
326 2381 355 2434 V.
371 2393 427 2441 182.
447 2384 567 2451 praeclara
584 2382 720 2451 disputatio
737 2384 777 2436 in·
791 2413 797 2460 p
811 2383 861 2435 Aer
879 2383 946 2434 circa
963 2382 1115 2448 Magnetem
1137 2379 1342 2448 discutientem

228 2448 345 2503 stituitur
362 2452 392 2505 de
409 2455 546 2520 Magnete,
584 2453 672 2518 Hujus
690 2460 778 2506 utitem
792 2462 797 2500 t
809 2468 858 2520 que
878 2451 973 2503 idcirco
985 2450 1067 2504 multa
1083 2451 1174 2504 inania
1186 2451 1344 2520 Spatielrtn·

229 2519 296 2571 idem
316 2519 368 2583 est,
389 2525 455 2587 qnod
478 2521 673 2588 &reliquarum
694 2517 778 2586 dispu-
792 2506 797 2575 l
809 2527 886 2573 entur
896 2535 911 2580 3·
924 2518 961 2573 Et
973 2519 1054 2587 quia,
1075 2516 1135 2571 ebur
1154 2519 1271 2574 Ferrum
1288 2519 1347 2574 colle

229 2589 356 2641 tationum
371 2589 524 2654 confilium,
546 2592 612 2657 quod
628 2607 703 2643 uerno
715 2591 777 2641 olim
793 2596 882 2658 ,eatur
907 2589 974 2640 intra
994 2583 1094 2640 diseuffi
1113 2587 1193 2642 A'e'ris
1215 2589 1347 2658 Spbaeraun

230 2654 382 2711 observavit.
428 2660 495 2712 Nam
516 2661 556 2710 lric
578 2660 654 2724 Lapis
668 2658 778 2712 Herculi
793 2656 1018 2730 3multum1nanis
1030 2658 1097 2709 iuter
1114 2653 1203 2722 ipsum
1215 2659 1243 2712 ἃ
1256 2657 1348 2728 Magn·

229 2725 400 2788 attribuitur,
430 2731 456 2780 u
479 2728 531 2778 vim
548 2724 618 2778 suam
633 2727 705 2780 illius
722 2727 780 2780 Nu·
793 2743 798 2775 r
809 2735 862 2779 tem
872 2724 907 2777 est
919 2725 1112 2790 interceptum,
1133 2729 1351 2790 tunceveuit,rl

229 2794 295 2844 mini
312 2804 440 2859 acceptam
451 2793 548 2846 referre
564 2795 694 2848 creditur:
718 2796 779 2860 Jam
793 2789 798 2822 ¹
810 2795 838 2847 in
858 2810 913 2847 eam
929 2801 1026 2859 partem
1038 2789 1194 2858 corpuscula
1213 2793 1288 2849 Ferri
1303 2795 1353 2848 ube

230 2859 327 2914 Fontes
347 2859 405 2914 snos
425 2861 507 2914 amisit
524 2861 649 2929 Jupiter,
672 2863 698 2916 ἃ
717 2864 778 2930 quirl
811 2861 865 2916 ribs
882 2860 1014 2928 prosiliant
1032 2857 1114 2927 (nam
1132 2864 1257 2918 omnium
1273 2863 1353 2931 Corpu-

232 2928 300 2979 Filio
318 2939 404 2994 parcat
422 2930 575 2993 Lucretius,
595 2933 640 3000 qui
648 2931 718 2984 Patri
727 2949 779 2984 non
812 2948 871 2983 rum
888 2927 984 2983 semina
1000 2930 1027 2981 in
1039 2945 1149 2982 vacuum
1167 2928 1285 2998 spatium
1299 2929 1353 2986 suli·

230 2998 366 3062 pepercit?
404 2998 440 3051 Ut
461 3000 585 3053 virtutem
607 3001 778 3054 attrat'tricem
794 2999 837 3052 tb
856 2998 1042 3065 prorumpunt)
1061 3013 1089 3050 ac
1107 2996 1353 3069 versusMagnetn

230 3065 363 3132 Magnetis
381 3066 475 3120 reulus
490 3068 603 3135 explicet
619 3069 775 3132 Lucretius,
810 3069 917 3134 proinde
929 3065 1056 3128 ferantur,
1072 3081 1125 3117 non
1136 3065 1245 3148 possunt
1260 3064 1353 3124 veriti

230 3137 780 3260 titt{stitttttttnttlttt
811 3136 987 3271 islillif‘t
1000 3134 1353 3260 ltsslltltstttltltt

230 3290 290 3326 men
305 3222 433 3327 inculcasti
447 3276 506 3328 vult
523 3277 555 3328 ob
572 3274 624 3340 inli¹
636 3243 695 3329 irem
713 3271 779 3326 diffi-
793 3300 798 3344 p
810 3269 921 3325 maximi
939 3241 1087 3340 implicita)
1115 3281 1197 3341 utque
1218 3276 1352 3330 incunte

232 3341 373 3402 cultatemt
404 3343 494 3397 Unum
510 3352 586 3412 caput
645 3341 779 3406 ‚effluere
794 3347 797 3353 ’
810 3353 863 3396 tam
883 3340 957 3394 Ferri
979 3338 1103 3393 Massam:
1139 3357 1166 3394 v.
1182 3357 1227 3407 19·
1265 3343 1352 3398 lauro

231 3411 354 3463 continui
372 3411 521 3479 corpuscula
547 3413 659 3481 quadam
677 3428 709 3465 ex
726 3428 780 3463 om·
810 3409 891 3473 verb,
910 3410 971 3477 quia
988 3409 1098 3463 Ferrum
1114 3408 1352 3466 tenditinrliseriui·

232 3478 308 3530 nibus
328 3480 427 3543 rebus,
448 3499 473 3534 v.
491 3497 531 3546 15.
568 3481 705 3544 Alterum,
721 3479 780 3533 nul·
811 3480 893 3533 rtatim
904 3475 1012 3540 sursum,
1033 3473 1162 3542 deorsum,
1176 3477 1348 3540 uuiversum.

235 3543 290 3596 lum
302 3545 350 3600 esse
368 3549 467 3615 Corpus
484 3549 693 3614 atlebSelirlum,
712 3549 780 3616 quod
813 3551 839 3602 St
857 3549 884 3600 iu
895 3562 1075 3615 quamcunque
1084 3546 1288 3615 obliquitatem,
1305 3563 1351 3618 pru

232 3629 284 3665 non
302 3614 388 3667 inania
406 3615 512 3683 spatiola
538 3620 680 3685 intercepta
699 3619 781 3670 conti-
812 3625 843 3670 ut
864 3616 895 3668 ad
923 3615 1074 3682 Magnetem
1096 3613 1245 3682 appositum
1267 3615 1349 3676 luent,

231 3689 308 3745 neat,
338 3700 364 3735 v.
378 3698 419 3750 23.
459 3684 706 3751 Tertium,·emiffa
724 3702 781 3739 cor·
813 3687 887 3739 docet
904 3700 957 3737 non
975 3681 1043 3750 posse
1059 3685 1086 3737 iil
1103 3683 1183 3750 lieri,
1203 3685 1255 3740 nili
1267 3687 1350 3741 ratium

230 3748 336 3820 pustula
351 3768 403 3804 non
419 3756 537 3809 omnibus
553 3756 630 3810 rebus
641 3756 728 3810 eadem
739 3771 779 3808 ra·
812 3753 912 3807 induiti
926 3751 1030 3815 Vacui,
1049 3752 1078 3804 in
1095 3755 1165 3821 quod
1183 3753 1315 3822 Corpora,
1329 3767 1349 3804 a·

230 3822 302 3874 tione
319 3837 477 3887 congruere,
505 3838 531 3876 v.
553 3841 595 3877 20.
633 3825 778 3887 Quartum,
812 3822 913 3889 lioquin
933 3818 1050 3874 deorsum
1071 3817 1154 3875 solum
1180 3822 1346 3890 prolabent'nr

234 3890 323 3943 inania
337 3888 444 3957 spatiola
454 3907 506 3945 non
516 3894 664 3947 uniusmodi
672 3893 781 3945 circum·
813 3888 1035 3943 indiscriminatim
1044 3889 1076 3943 ab
1084 3891 1349 3952 ittibuseliorumeut·

230 3956 376 4025 scriptionis
405 3959 432 4010 in
458 3959 534 4013 rebus
563 3963 682 4015 omnibus
710 3958 775 4023 elle,
813 3975 905 4027 porum
923 3960 1125 4026 protrudentur,
1144 3975 1173 4013 v.
1186 3974 1211 4026 5.

248 4042 309 4080 uare
327 4045 375 4082 nee
395 4029 482 4082 eadem
512 4030 670 4096 quibuslibet
690 4045 781 4096 corpu·
846 4036 906 4090 908.
927 4025 1008 4094 ,Quem
1017 4027 1263 4094 Magnetavoernt,
1286 4017 1349 4144 &uz

241 4093 308 4147 eulie
326 4098 526 4160 accommodari,
552 4113 578 4150 v.
600 4113 639 4163 17.
677 4098 725 4151 His
745 4099 781 4151 ita
813 4094 872 4148 vid.
885 4095 1007 4152 botberti
1015 4096 1096 4166 (ἕως.
1109 4096 1281 4165 superfuit.
1291 4095 1329 4150 lib

229 4163 361 4232 premissis
369 4168 453 4224 dicere
462 4168 610 4237 aggreditur
619 4165 720 4225 causum
736 4164 780 4223 seu
813 4181 868 4235 cap.
880 4173 924 4239 38·
