3150 4967
437 435 445 444 ’
556 468 1081 568 sternebantur.
1298 419 1376 574 aar

244 639 312 716 Sed
332 638 445 729 potiirs
464 638 523 712 mi
544 643 634 713 tastu
651 639 795 712 recreata
811 635 959 710 valescat.

249 732 301 805 Sic
321 730 395 820 Ego
414 754 525 817 nunc,
550 730 711 818 quoniam¹
728 727 798 800 haec
812 730 911 801 Ratio
933 727 1126 815 plerumque
1145 721 1279 800 videtur

251 817 391 893 Tristior
410 816 490 907 effe,
516 820 635 908 quibus
653 843 724 890 non
746 818 793 889 est
811 821 968 903 tradate,
983 833 1148 902 <retroque

254 907 379 998 Volgus
402 907 558 981 abhorret
580 909 621 981 ab
642 910 734 988 Heca
760 908 853 982 volui
873 908 934 979 tibi
950 903 1191 993 suaviloquenti
1336 920 1383 979 20

260 999 406 1070 Carmine
424 999 532 1071 Pierio
554 1000 716 1069 rationem
736 1021 901 1085 exponere
921 993 1087 1077 nostram,

261 1087 297 1161 Et
315 1083 404 1176 quali
423 1084 543 1160 Museo
563 1088 649 1158 dulci
668 1090 858 1176 contingere
871 1087 998 1176 ¹mellea

264 1178 292 1256 si
305 1175 367 1250 tibi
383 1172 470 1248 forte
494 1178 644 1248 animum
661 1178 717 1248 tali
740 1178 868 1258 ratione
888 1196 1000 1248 tenere

266 1263 409 1338 Versibus
429 1268 466 1337 in
486 1265 603 1338 nostris
622 1263 763 1353 possem,
789 1266 871 1343 dum
889 1262 1039 1353 perspicis
1059 1286 1196 1344 ornnem

267 1354 414 1429 Naturam
434 1379 568 1436 rerum;
591 1353 802 1442 acperseutis
824 1356 1010 1427 utilitatem.
1337 1369 1385 1445 25

302 1445 360 1517 Sed
381 1446 541 1532 quoniam
561 1446 679 1532 docui,
705 1449 898 1516 corruerem
915 1443 1060 1516 Exordia
1077 1465 1191 1516 rerum

268 1534 372 1620 Qalia
394 1531 479 1619 fine,
505 1536 654 1621 &quam
672 1536 770 1606 variis
790 1534 940 1605 distantia
956 1530 1073 1612 formis

268 1624 375 1714 Sponte
394 1619 452 1694 sua
472 1624 614 1698 volitent
627 1644 750 1695 aeterno
776 1626 896 1712 percita
915 1642 1029 1695 motu:

267 1715 399 1800 Qroque
418 1713 519 1783 modo
541 1711 660 1800 possint
680 1738 731 1784 res
750 1739 792 1784 ex
813 1713 865 1784 his
885 1736 1021 1799 quaeque
1041 1710 1163 1783 creari:

264 1803 360 1890 leque
379 1802 493 1874 Animi
512 1804 666 1889 quoniam
694 1803 792 1874 docui
810 1820 928 1874 natura
947 1801 1026 1888 quid
1048 1799 1142 1886 esset,
1341 1820 1386 1891 30

262 1890 297 1964 Et
312 1891 433 1980 quibus
458 1891 595 1963 erebus
619 1915 695 1962 mm
717 1894 864 1979 Corpore
888 1911 1019 1979 compta
1041 1891 1188 1977 vigeret3

262 1981 377 2068 anve
400 1981 502 2055 modo
526 1979 674 2051 distratla
691 1981 812 2053 rediret
833 1982 870 2052 in
889 1980 996 2052 Ordia
1015 1981 1138 2067 prima:

258 2069 356 2154 Nunc
374 2094 469 2159 agere
495 2071 648 2157 incipiam
671 2070 754 2156 tibi,
780 2071 868 2158 quod
895 2068 1109 2142 vehementer
1128 2067 1169 2140 ad
1188 2065 1248 2142 has
1265 2091 1319 2143 res

257 2162 400 2241 Attinet,
426 2157 485 2230 else
505 2184 662 2246 ea,·quae
685 2183 797 2232 rerum
818 2161 996 2233 Simulacra
1014 2181 1191 2230 vocamusz
1305 2183 1318 2210 f

259 2254 341 2339 Quae
361 2247 451 2336 quasl
469 2248 674 2320 Membranae
694 2245 825 2321 summo
846 2250 887 2321 de
907 2272 1043 2335 corpore
1064 2272 1178 2321 rerum
1345 2264 1388 2337 35

255 2341 406 2426 Dereptae
424 2339 567 2409 volitant
588 2340 675 2411 ultro
694 2340 841 2426 citroque
863 2361 919 2426 per
939 2362 1057 2409 auras:

253 2430 361 2517 Atque
381 2428 495 2498 eadem
514 2427 612 2499 nobis
639 2428 851 2513 vigilantibus
870 2428 969 2498 obvia
991 2427 1131 2497 menteis

253 2516 472 2603 Terrificant,
498 2535 596 2605 atque
611 2519 648 2589 in
664 2514 809 2603 sonrnis,
835 2517 911 2587 cum
931 2513 1013 2604 saepe
1037 2514 1160 2604 figuras

1300 2605 1390 2678 Con·

290 2810 333 2862 17.
358 2792 470 2863 Taua.)
488 2791 541 2847 Alii
555 2811 602 2862 pro
618 2792 695 2848 Pano
707 2799 812 2847 conten·
841 2793 992 2859 conjuntia,
1012 2792 1072 2849 inde
1090 2794 1296 2859 Centaurorum,
1317 2796 1343 2851 de
1361 2812 1389 2854 ee

254 2866 342 2930 dunt,
369 2862 480 2926 Teate«,
506 2864 532 2918 id
551 2863 586 2917 est
606 2861 720 2928 Heuslu,
740 2860 811 2915 Gisa-
841 2862 935 2917 liorum
951 2864 977 2917 id
992 2880 1074 2931 gersus
1092 2863 1261 2918 monstrorum
1272 2862 1391 2932 phantas-

252 2935 328 2990 nius:
351 2931 494 3013 Nontanti
522 2986 525 2991 ,
610 2999 617 3011 Ι
841 2940 927 2992 marna
946 2932 981 2984 ali
1001 2933 1169 3012 uaniloetiam
1188 2930 1313 3001 (namque
1326 2934 1391 2987 nni-

253 2995 811 3136 “aPereffimno.1)‚r}leztznffirggierrllierg‘tle
841 3017 886 3122 {aa
907 2949 1135 3121 cumsgffiss'nbus
1150 3002 1297 3069 intereunt)
1315 3003 1390 3056 Mor.

428 3086 478 3123 eu:
533 3088 555 3123 ,ae
800 3099 811 3111 ·
854 3086 947 3123 erorum
971 3086 1002 3135 pe
1058 3108 1065 3121 .

253 3140 386 3194 mittinon
400 3137 483 3192 debet.
876 3151 918 3204 31.
941 3139 999 3190 Cum
1019 3140 1116 3204 Corpore
1135 3134 1259 3205 compta.)
1298 3139 1329 3189 Co‘
1345 3147 1389 3201 ta,

290 3214 332 3262 26.
357 3207 402 3258 Sed
416 3208 527 3273 paeoniam
545 3204 630 3268 domi,
649 3201 724 3272 bre.)
742 3203 810 3268 V.7.
839 3205 882 3262 seu
897 3209 991 3273 Coepta.
1012 3204 1115 3259 Faber:
1134 3203 1214 3259 Ut&
1233 3152 1344 3278 liu-ns
1362 3222 1388 3260 v.

254 3276 374 3331 breviter
388 3271 502 3329 recenset
521 3290 550 3327 ea
562 3290 617 3340 qua
631 3274 658 3326 in
671 3274 814 3340 preceden-
843 3283 901 3330 260.

254 3345 327 3400 tibus
334 3344 412 3396 libris
424 3340 615 3410 disputaverat,
638 3341 724 3395 Primo
734 3345 759 3396 de
768 3343 814 3395 Se·
939 3367 1021 3382 --
1035 3340 1179 3409 Qeibueque

256 3414 345 3468 eundo
356 3411 423 3465 libro
433 3412 571 3475 astomorum
579 3410 723 3474 Naturam,
743 3409 814 3463 nffe-
943 3413 1015 3479 Οὐρία
1032 3411 1113 3463 modis
1127 3412 1270 3477 vigeat-

256 3483 375 3543 aiones,
403 3480 496 3535 Motus
511 3480 620 3601 denizue
653 3480 679 3533 Se
698 3479 813 3533 Concilia
877 3494 918 3550 32.
940 3476 1134 3547 Ordiaprime.)
1152 3478 1303 3533 Primordia.

256 3548 421 3613 absolverat,
445 3550 472 3602 in
482 3550 558 3603 tertio
596 3548 813 3620 rineipiallnima
877 3563 917 3617 34.
939 3548 1030 3603 Rerum
1041 3548 1227 3612 simulachra.)
1261 3545 1391 3616 intelligit

257 3620 433 3685 Animamque
452 3615 531 3686 ipsam
553 3626 606 3671 tam
627 3616 735 3737 C⁰ll⁰¹i
753 3635 814 3671 eon·
841 3617 934 3687 species
947 3634 1049 3679 rerum,
1069 3633 1131 3685 quas
1143 3614 1223 3683 vulgb
1234 3616 1391 3673 intentiona-

256 3687 366 3755 jranste,
404 3684 482 3755 quam
504 3685 519 3739 ὲ
541 3686 653 3752 Corpore
682 3696 812 3753 eparatam
842 3689 880 3742 les
897 3693 1008 3750 vocant,
1033 3684 1142 3749 sileae,
1166 3690 1264 3750 τέκες,
1284 3689 1391 3758 ὑμέας,

246 3754 482 3815 consideraveram
502 3757 528 3809 &
541 3755 649 3817 deinde,
673 3772 698 3809 v.
711 3763 751 3821 13.
763 3756 811 3808 hu·
843 3754 1048 3819 membranulas,
1075 3754 1180 3811 effluvia
1200 3771 1232 3808 ex
1251 3752 1391 3823 superficie

258 3826 301 3891 ius
323 3823 385 3878 libri
407 3825 492 3895 quarti
509 3831 690 3892 argumentum
701 3823 814 3891 comple·
843 3840 983 3892 corporea,
1003 3822 1393 3891 quaeexornnibusomninbre·

258 3894 340 3948 &itur
351 3928 359 3956 ,
372 3893 426 3946 viz.
449 3902 508 3959 aget
518 3894 548 3946 de
561 3890 739 3956 simulachris,
758 3908 813 3959 quae
842 3895 890 3947 bus
900 3892 1025 3960 perpetub
1037 3902 1164 3956 emanant,
1186 3894 1213 3946 u
1227 3893 1333 3947 Animos
1345 3894 1394 3947 im·

245 3961 345 4018 ‚veluti
361 3961 514 4016 membrana
540 3963 698 4027 corticesque
718 3961 814 4026 Corpo-
843 3960 954 4029 pellunt.
1004 3962 1104 4015 Latinis
1123 3960 1237 4029 Spatira:
1269 3963 1391 4029 Figere,

251 4045 320 4089 sum
341 4028 356 4083 d
379 4045 466 4084 rerum
484 4028 616 4098 superficie
629 4029 814 4096 perpetubflu-
842 4030 982 4096 Imagines,
1009 4030 1125 4096 Effigies:
1150 4029 1265 4149 &aarum
1279 4031 1392 4095 incursu,

258 4107 325 4164 unt,
347 4098 471 4166 nobisque
482 4098 586 4160 illarum
597 4095 691 4164 species
709 4100 735 4151 iv
747 4096 813 4165 ligu·
843 4106 873 4153 ut
898 4099 985 4167 inquit
1000 4097 1089 4151 Cicero
1110 4114 1143 4150 ex
1176 4097 1297 4164 picum,
1319 4115 1343 4152 1.
1364 4102 1395 4155 de

259 4183 302 4221 ras
321 4165 462 4227 deferuntt
499 4167 527 4221 Si
546 4165 643 4219 sincera
662 4166 813 4233 integraque
844 4167 903 4220 Fin.
925 4185 970 4219 nen
984 4165 1051 4220 moal
1067 4166 1341 4232 videmur,seeletienr
1355 4186 1394 4222 ce·

259 4237 418 4298 adveniant,
437 4243 628 4291 tumresveras
639 4236 811 4301 percipimust
841 4238 958 4304 gitamur.

261 4304 291 4365 si
309 4304 447 4372 mutilata,
469 4301 587 4371 inversa,
620 4311 665 4359 aut
682 4319 742 4359 eum
757 4303 816 4358 aliis
