<?xml version="1.0" encoding="UTF-8"?>
<!DOCTYPE html PUBLIC "-//W3C//DTD XHTML 1.0 Transitional//EN"
    "http://www.w3.org/TR/xhtml1/DTD/xhtml1-transitional.dtd">
<html xmlns="http://www.w3.org/1999/xhtml" xml:lang="en" lang="en">
 <head>
  <title>
</title>
<meta http-equiv="Content-Type" content="text/html;charset=utf-8" />
  <meta name='ocr-system' content='tesseract 3.04.00' />
  <meta name='ocr-capabilities' content='ocr_page ocr_carea ocr_par ocr_line ocrx_word'/>
</head>
<body>
  <div class='ocr_page' id='page_1' title='image "./tlucretiicaride02carugoog_0376.png"; bbox 0 0 3150 4967; ppageno 0'>
   <div class='ocr_carea' id='block_1_1' title="bbox 243 433 1019 535">
    <p class='ocr_par' dir='ltr' id='par_1_1' title="bbox 243 433 1019 535">
     <span class='ocr_line' id='line_1_1' title="bbox 243 433 1019 535; baseline -0.004 -18"><span class='ocrx_word' id='word_1_1' title='bbox 243 455 311 535; x_wconf 78' lang='lat'>358</span> <span class='ocrx_word' id='word_1_2' title='bbox 638 435 682 516; x_wconf 88' lang='lat' dir='ltr'>T.</span> <span class='ocrx_word' id='word_1_3' title='bbox 709 433 1019 516; x_wconf 87' lang='lat' dir='ltr'>LUCRETII</span> 
     </span>
    </p>
   </div>
   <div class='ocr_carea' id='block_1_2' title="bbox 248 603 1414 1946">
    <p class='ocr_par' dir='ltr' id='par_1_2' title="bbox 248 603 1165 871">
     <span class='ocr_line' id='line_1_2' title="bbox 248 603 1165 691; baseline -0.005 -12"><span class='ocrx_word' id='word_1_4' title='bbox 248 609 338 679; x_wconf 73' lang='lat' dir='ltr'>cnm</span> <span class='ocrx_word' id='word_1_5' title='bbox 360 606 455 678; x_wconf 89' lang='lat' dir='ltr'>Mare</span> <span class='ocrx_word' id='word_1_6' title='bbox 474 625 663 691; x_wconf 89' lang='lat' dir='ltr'>permotum</span> <span class='ocrx_word' id='word_1_7' title='bbox 690 603 799 675; x_wconf 86' lang='lat' dir='ltr'>ventis</span> <span class='ocrx_word' id='word_1_8' title='bbox 817 603 886 675; x_wconf 89' lang='lat' dir='ltr'>ruit</span> <span class='ocrx_word' id='word_1_9' title='bbox 906 603 999 674; x_wconf 93' lang='lat' dir='ltr'>intus</span> <span class='ocrx_word' id='word_1_10' title='bbox 1020 625 1165 674; x_wconf 82' lang='lat' dir='ltr'><strong>arenam.</strong></span> 
     </span>
     <span class='ocr_line' id='line_1_3' title="bbox 248 693 1069 785; baseline -0.005 -19"><span class='ocrx_word' id='word_1_11' title='bbox 248 702 330 785; x_wconf 78' lang='lat' dir='ltr'>Qlo</span> <span class='ocrx_word' id='word_1_12' title='bbox 350 693 390 766; x_wconf 88' lang='lat' dir='ltr'>fit</span> <span class='ocrx_word' id='word_1_13' title='bbox 406 695 455 765; x_wconf 90' lang='lat' dir='ltr'>uti</span> <span class='ocrx_word' id='word_1_14' title='bbox 475 696 570 782; x_wconf 77' lang='lat' dir='ltr'>patto</span> <span class='ocrx_word' id='word_1_15' title='bbox 589 694 670 765; x_wconf 86' lang='lat' dir='ltr'>liber</span> <span class='ocrx_word' id='word_1_16' title='bbox 689 693 800 765; x_wconf 80' lang='lat' dir='ltr'>minis</span> <span class='ocrx_word' id='word_1_17' title='bbox 824 694 932 764; x_wconf 85' lang='lat' dir='ltr'>exitus</span> <span class='ocrx_word' id='word_1_18' title='bbox 955 693 1069 778; x_wconf 88' lang='lat' dir='ltr'>amni,</span> 
     </span>
     <span class='ocr_line' id='line_1_4' title="bbox 248 781 1082 871; baseline -0.01 -11"><span class='ocrx_word' id='word_1_19' title='bbox 248 789 293 860; x_wconf 88' lang='lat' dir='ltr'>Et</span> <span class='ocrx_word' id='word_1_20' title='bbox 313 784 479 871; x_wconf 83' lang='lat' dir='ltr'>proclivus</span> <span class='ocrx_word' id='word_1_21' title='bbox 502 784 583 854; x_wconf 85' lang='lat' dir='ltr'>item</span> <span class='ocrx_word' id='word_1_22' title='bbox 608 781 667 855; x_wconf 85' lang='lat' dir='ltr'>fiat</span> <span class='ocrx_word' id='word_1_23' title='bbox 680 783 792 856; x_wconf 79' lang='lat' dir='ltr'>minsis</span> <span class='ocrx_word' id='word_1_24' title='bbox 810 784 952 868; x_wconf 88' lang='lat' dir='ltr'>impetus</span> <span class='ocrx_word' id='word_1_25' title='bbox 972 782 1082 853; x_wconf 88' lang='lat' dir='ltr'>undis.</span> 
     </span>
    </p>

    <p class='ocr_par' dir='ltr' id='par_1_3' title="bbox 249 868 1367 1407">
     <span class='ocr_line' id='line_1_5' title="bbox 294 868 1254 962; baseline -0.004 -16"><span class='ocrx_word' id='word_1_26' title='bbox 294 876 351 946; x_wconf 81' lang='lat' dir='ltr'>Fit</span> <span class='ocrx_word' id='word_1_27' title='bbox 368 897 521 959; x_wconf 89' lang='lat' dir='ltr'>quoque,</span> <span class='ocrx_word' id='word_1_28' title='bbox 549 875 599 944; x_wconf 91' lang='lat' dir='ltr'>uti</span> <span class='ocrx_word' id='word_1_29' title='bbox 617 873 738 962; x_wconf 85' lang='lat' dir='ltr'>pluviae</span> <span class='ocrx_word' id='word_1_30' title='bbox 755 868 862 942; x_wconf 82' lang='lat' dir='ltr'>forsan</span> <span class='ocrx_word' id='word_1_31' title='bbox 881 872 984 960; x_wconf 86' lang='lat' dir='ltr'>magis</span> <span class='ocrx_word' id='word_1_32' title='bbox 1003 871 1045 944; x_wconf 87' lang='lat' dir='ltr'>ad</span> <span class='ocrx_word' id='word_1_33' title='bbox 1066 886 1165 957; x_wconf 86' lang='lat' dir='ltr'>caput</span> <span class='ocrx_word' id='word_1_34' title='bbox 1182 869 1254 960; x_wconf 81' lang='lat' dir='ltr'>eius</span> 
     </span>
     <span class='ocr_line' id='line_1_6' title="bbox 249 957 1367 1050; baseline -0.008 -13"><span class='ocrx_word' id='word_1_35' title='bbox 249 966 418 1050; x_wconf 86' lang='lat' dir='ltr'>Tempore</span> <span class='ocrx_word' id='word_1_36' title='bbox 441 987 480 1032; x_wconf 91' lang='lat' dir='ltr'>eo</span> <span class='ocrx_word' id='word_1_37' title='bbox 501 960 603 1042; x_wconf 85' lang='lat' dir='ltr'>fiant,</span> <span class='ocrx_word' id='word_1_38' title='bbox 629 985 696 1049; x_wconf 91' lang='lat' dir='ltr'>quo</span> <span class='ocrx_word' id='word_1_39' title='bbox 716 957 822 1034; x_wconf 80' lang='lat' dir='ltr'>Etesra</span> <span class='ocrx_word' id='word_1_40' title='bbox 842 959 944 1031; x_wconf 86' lang='lat' dir='ltr'>flabra</span> <span class='ocrx_word' id='word_1_41' title='bbox 968 961 1176 1046; x_wconf 82' lang='lat' dir='ltr'>Aquilonum</span> <span class='ocrx_word' id='word_1_42' title='bbox 1316 979 1367 1047; x_wconf 64' lang='grc' dir='ltr'>ηο-</span> 
     </span>
     <span class='ocr_line' id='line_1_7' title="bbox 249 1051 1362 1140; baseline -0.005 -13"><span class='ocrx_word' id='word_1_43' title='bbox 249 1054 378 1128; x_wconf 87' lang='lat' dir='ltr'>Nubila</span> <span class='ocrx_word' id='word_1_44' title='bbox 398 1052 578 1140; x_wconf 79' lang='lat' dir='ltr'>conjiciunt</span> <span class='ocrx_word' id='word_1_45' title='bbox 596 1053 632 1122; x_wconf 91' lang='lat' dir='ltr'>in</span> <span class='ocrx_word' id='word_1_46' title='bbox 652 1076 705 1121; x_wconf 86' lang='lat' dir='ltr'>eas</span> <span class='ocrx_word' id='word_1_47' title='bbox 725 1069 806 1122; x_wconf 89' lang='lat' dir='ltr'>tuno</span> <span class='ocrx_word' id='word_1_48' title='bbox 824 1051 936 1122; x_wconf 88' lang='lat' dir='ltr'>omnio</span> <span class='ocrx_word' id='word_1_49' title='bbox 955 1051 1085 1138; x_wconf 87' lang='lat' dir='ltr'>parteis.</span> <span class='ocrx_word' id='word_1_50' title='bbox 1358 1084 1362 1094; x_wconf 61' lang='lat'><strong><em>¹</em></strong></span> 
     </span>
     <span class='ocr_line' id='line_1_8' title="bbox 250 1139 1005 1228; baseline -0.008 -12"><span class='ocrx_word' id='word_1_51' title='bbox 250 1143 379 1216; x_wconf 80' lang='lat' dir='ltr'>Scilicet</span> <span class='ocrx_word' id='word_1_52' title='bbox 399 1142 440 1211; x_wconf 89' lang='lat' dir='ltr'>ad</span> <span class='ocrx_word' id='word_1_53' title='bbox 461 1140 604 1211; x_wconf 89' lang='lat' dir='ltr'>mediam</span> <span class='ocrx_word' id='word_1_54' title='bbox 623 1141 794 1228; x_wconf 84' lang='lat' dir='ltr'>regionem</span> <span class='ocrx_word' id='word_1_55' title='bbox 816 1140 916 1228; x_wconf 68' lang='lat' dir='ltr'>ejesia</span> <span class='ocrx_word' id='word_1_56' title='bbox 940 1139 1005 1210; x_wconf 88' lang='lat' dir='ltr'>diei</span> 
     </span>
     <span class='ocr_line' id='line_1_9' title="bbox 250 1228 1179 1316; baseline -0.005 -12"><span class='ocrx_word' id='word_1_57' title='bbox 250 1234 340 1304; x_wconf 81' lang='lat' dir='ltr'>Citm</span> <span class='ocrx_word' id='word_1_58' title='bbox 359 1251 612 1315; x_wconf 86' lang='lat' dir='ltr'>convenerunt,</span> <span class='ocrx_word' id='word_1_59' title='bbox 638 1229 685 1299; x_wconf 92' lang='lat' dir='ltr'>ibi</span> <span class='ocrx_word' id='word_1_60' title='bbox 712 1231 755 1300; x_wconf 90' lang='lat' dir='ltr'>ad</span> <span class='ocrx_word' id='word_1_61' title='bbox 772 1229 855 1303; x_wconf 85' lang='lat' dir='ltr'>altos</span> <span class='ocrx_word' id='word_1_62' title='bbox 876 1229 1016 1316; x_wconf 88' lang='lat' dir='ltr'>denique</span> <span class='ocrx_word' id='word_1_63' title='bbox 1034 1228 1179 1300; x_wconf 83' lang='lat' dir='ltr'>monteis</span> 
     </span>
     <span class='ocr_line' id='line_1_10' title="bbox 251 1316 1112 1407; baseline -0.008 -14"><span class='ocrx_word' id='word_1_64' title='bbox 251 1316 425 1393; x_wconf 87' lang='lat' dir='ltr'>Contrusae</span> <span class='ocrx_word' id='word_1_65' title='bbox 447 1319 553 1390; x_wconf 88' lang='lat' dir='ltr'>nubes</span> <span class='ocrx_word' id='word_1_66' title='bbox 574 1337 760 1407; x_wconf 82' lang='lat' dir='ltr'>coguntur,</span> <span class='ocrx_word' id='word_1_67' title='bbox 787 1320 888 1406; x_wconf 91' lang='lat' dir='ltr'>vique</span> <span class='ocrx_word' id='word_1_68' title='bbox 905 1335 1112 1406; x_wconf 88' lang='lat' dir='ltr'>premuntur.</span> 
     </span>
    </p>

    <p class='ocr_par' dir='ltr' id='par_1_4' title="bbox 252 1406 1414 1674">
     <span class='ocr_line' id='line_1_11' title="bbox 296 1406 1165 1496; baseline -0.005 -14"><span class='ocrx_word' id='word_1_69' title='bbox 296 1407 403 1482; x_wconf 83' lang='lat' dir='ltr'>Forslt</span> <span class='ocrx_word' id='word_1_70' title='bbox 425 1413 456 1478; x_wconf 70' lang='grc' dir='ltr'>δι</span> <span class='ocrx_word' id='word_1_71' title='bbox 478 1406 669 1496; x_wconf 80' lang='lat' dir='ltr'>ffithiopom</span> <span class='ocrx_word' id='word_1_72' title='bbox 689 1409 821 1496; x_wconf 83' lang='lat' dir='ltr'>penitus</span> <span class='ocrx_word' id='word_1_73' title='bbox 840 1408 881 1480; x_wconf 91' lang='lat' dir='ltr'>de</span> <span class='ocrx_word' id='word_1_74' title='bbox 900 1408 1070 1480; x_wconf 86' lang='lat' dir='ltr'>montibus</span> <span class='ocrx_word' id='word_1_75' title='bbox 1090 1406 1165 1478; x_wconf 85' lang='lat' dir='ltr'>altis</span> 
     </span>
     <span class='ocr_line' id='line_1_12' title="bbox 253 1494 1206 1584; baseline -0.006 -12"><span class='ocrx_word' id='word_1_76' title='bbox 253 1497 405 1584; x_wconf 76' lang='lat' dir='ltr'>Crescat,</span> <span class='ocrx_word' id='word_1_77' title='bbox 431 1497 492 1568; x_wconf 92' lang='lat' dir='ltr'>ubi</span> <span class='ocrx_word' id='word_1_78' title='bbox 514 1498 550 1568; x_wconf 92' lang='lat' dir='ltr'>in</span> <span class='ocrx_word' id='word_1_79' title='bbox 574 1522 706 1584; x_wconf 85' lang='lat' dir='ltr'>campos</span> <span class='ocrx_word' id='word_1_80' title='bbox 728 1498 818 1568; x_wconf 88' lang='lat' dir='ltr'>albas</span> <span class='ocrx_word' id='word_1_81' title='bbox 837 1494 1030 1568; x_wconf 84' lang='lat' dir='ltr'>descendere</span> <span class='ocrx_word' id='word_1_82' title='bbox 1049 1494 1206 1584; x_wconf 86' lang='lat' dir='ltr'>ningueis</span> 
     </span>
     <span class='ocr_line' id='line_1_13' title="bbox 252 1583 1414 1674; baseline -0.007 -16"><span class='ocrx_word' id='word_1_83' title='bbox 252 1586 412 1665; x_wconf 85' lang='lat' dir='ltr'>Tabificis</span> <span class='ocrx_word' id='word_1_84' title='bbox 431 1583 551 1674; x_wconf 84' lang='lat' dir='ltr'>subigit</span> <span class='ocrx_word' id='word_1_85' title='bbox 572 1587 670 1657; x_wconf 85' lang='lat' dir='ltr'>radiis</span> <span class='ocrx_word' id='word_1_86' title='bbox 690 1589 745 1659; x_wconf 87' lang='lat' dir='ltr'>Sol</span> <span class='ocrx_word' id='word_1_87' title='bbox 764 1589 877 1656; x_wconf 81' lang='lat' dir='ltr'>ontrria</span> <span class='ocrx_word' id='word_1_88' title='bbox 896 1585 1046 1658; x_wconf 87' lang='lat' dir='ltr'>lustrans.</span> <span class='ocrx_word' id='word_1_89' title='bbox 1412 1645 1414 1650; x_wconf 89' lang='lat'><em>.</em></span> 
     </span>
    </p>

    <p class='ocr_par' dir='ltr' id='par_1_5' title="bbox 252 1671 1396 1855">
     <span class='ocr_line' id='line_1_14' title="bbox 297 1671 1396 1764; baseline -0.005 -12"><span class='ocrx_word' id='word_1_90' title='bbox 297 1679 402 1752; x_wconf 87' lang='lat' dir='ltr'>Nunc</span> <span class='ocrx_word' id='word_1_91' title='bbox 422 1700 480 1764; x_wconf 84' lang='lat' dir='ltr'>age</span> <span class='ocrx_word' id='word_1_92' title='bbox 491 1728 502 1762; x_wconf 96' lang='lat'>,</span> <span class='ocrx_word' id='word_1_93' title='bbox 530 1679 659 1748; x_wconf 85' lang='lat' dir='ltr'>Averna</span> <span class='ocrx_word' id='word_1_94' title='bbox 680 1677 741 1746; x_wconf 92' lang='lat' dir='ltr'>tibi</span> <span class='ocrx_word' id='word_1_95' title='bbox 761 1701 835 1762; x_wconf 87' lang='lat' dir='ltr'>quae</span> <span class='ocrx_word' id='word_1_96' title='bbox 852 1672 916 1745; x_wconf 83' lang='lat' dir='ltr'>lint</span> <span class='ocrx_word' id='word_1_97' title='bbox 941 1676 1014 1746; x_wconf 79' lang='lat' dir='ltr'>loeo</span> <span class='ocrx_word' id='word_1_98' title='bbox 1029 1697 1172 1762; x_wconf 89' lang='lat' dir='ltr'>cumque</span> <span class='ocrx_word' id='word_1_99' title='bbox 1191 1671 1368 1764; x_wconf 82' lang='lat' dir='ltr'>lacusque„</span> <span class='ocrx_word' id='word_1_100' title='bbox 1393 1697 1396 1709; x_wconf 94' lang='grc'><strong><em>·</em></strong></span> 
     </span>
     <span class='ocr_line' id='line_1_15' title="bbox 252 1764 1376 1855; baseline -0.003 -17"><span class='ocrx_word' id='word_1_101' title='bbox 252 1767 454 1855; x_wconf 84' lang='lat' dir='ltr'>Expediam,</span> <span class='ocrx_word' id='word_1_102' title='bbox 481 1766 570 1853; x_wconf 88' lang='lat' dir='ltr'>quali</span> <span class='ocrx_word' id='word_1_103' title='bbox 587 1785 704 1837; x_wconf 78' lang='lat' dir='ltr'>tratura</span> <span class='ocrx_word' id='word_1_104' title='bbox 722 1766 858 1852; x_wconf 81' lang='lat' dir='ltr'>praedita</span> <span class='ocrx_word' id='word_1_105' title='bbox 874 1764 1033 1836; x_wconf 81' lang='lat' dir='ltr'>constent</span> <span class='ocrx_word' id='word_1_106' title='bbox 1372 1791 1376 1803; x_wconf 93' lang='lat'>·</span> 
     </span>
    </p>

    <p class='ocr_par' dir='ltr' id='par_1_6' title="bbox 297 1851 1378 1946">
     <span class='ocr_line' id='line_1_16' title="bbox 297 1851 1378 1946; baseline -0.009 -10"><span class='ocrx_word' id='word_1_107' title='bbox 297 1855 464 1945; x_wconf 81' lang='lat' dir='ltr'>Principio</span> <span class='ocrx_word' id='word_1_108' title='bbox 470 1907 483 1944; x_wconf 88' lang='lat'>,</span> <span class='ocrx_word' id='word_1_109' title='bbox 511 1855 603 1946; x_wconf 91' lang='lat' dir='ltr'>qubd</span> <span class='ocrx_word' id='word_1_110' title='bbox 621 1858 754 1930; x_wconf 85' lang='lat' dir='ltr'>Averna</span> <span class='ocrx_word' id='word_1_111' title='bbox 767 1872 951 1942; x_wconf 74' lang='lat' dir='ltr'>vocantur,</span> <span class='ocrx_word' id='word_1_112' title='bbox 974 1878 1101 1926; x_wconf 84' lang='lat' dir='ltr'>nomen</span> <span class='ocrx_word' id='word_1_113' title='bbox 1123 1851 1159 1928; x_wconf 87' lang='lat' dir='ltr'>id</span> <span class='ocrx_word' id='word_1_114' title='bbox 1178 1851 1223 1928; x_wconf 87' lang='lat' dir='ltr'>ab</span> <span class='ocrx_word' id='word_1_115' title='bbox 1246 1877 1284 1928; x_wconf 87' lang='lat' dir='ltr'>re</span> <span class='ocrx_word' id='word_1_116' title='bbox 1324 1875 1341 1940; x_wconf 85' lang='lat'>7</span> <span class='ocrx_word' id='word_1_117' title='bbox 1375 1852 1378 1865; x_wconf 90' lang='lat'>&#39;</span> 
     </span>
    </p>
   </div>
   <div class='ocr_carea' id='block_1_3' title="bbox 1203 1966 1378 2060">
    <p class='ocr_par' dir='ltr' id='par_1_7' title="bbox 1203 1966 1378 2060">
     <span class='ocr_line' id='line_1_17' title="bbox 1203 1966 1378 2060; baseline -0.034 0"><span class='ocrx_word' id='word_1_118' title='bbox 1203 1966 1378 2060; x_wconf 56' lang='lat' dir='ltr'>bn</span> 
     </span>
    </p>
   </div>
   <div class='ocr_carea' id='block_1_4' title="bbox 185 2251 1414 4326">
    <p class='ocr_par' dir='ltr' id='par_1_8' title="bbox 185 2251 1414 4326">
     <span class='ocr_line' id='line_1_18' title="bbox 287 2251 1384 2326; baseline -0.005 -13"><span class='ocrx_word' id='word_1_119' title='bbox 287 2264 348 2326; x_wconf 75' lang='lat'>726.</span> <span class='ocrx_word' id='word_1_120' title='bbox 369 2258 432 2313; x_wconf 75' lang='lat' dir='ltr'>Ruit</span> <span class='ocrx_word' id='word_1_121' title='bbox 442 2260 618 2310; x_wconf 73' lang='lat' dir='ltr'>intersererem.</span> <span class='ocrx_word' id='word_1_122' title='bbox 632 2253 647 2325; x_wconf 92' lang='lat'><em>)</em></span> <span class='ocrx_word' id='word_1_123' title='bbox 669 2255 711 2310; x_wconf 84' lang='lat' dir='ltr'>Sic</span> <span class='ocrx_word' id='word_1_124' title='bbox 724 2254 770 2308; x_wconf 92' lang='lat' dir='ltr'>lib.</span> <span class='ocrx_word' id='word_1_125' title='bbox 784 2255 807 2312; x_wconf 91' lang='lat'>1.</span> <span class='ocrx_word' id='word_1_126' title='bbox 842 2271 893 2324; x_wconf 80' lang='lat' dir='ltr'>gna</span> <span class='ocrx_word' id='word_1_127' title='bbox 909 2252 1074 2310; x_wconf 81' lang='lat' dir='ltr'>liibterranea</span> <span class='ocrx_word' id='word_1_128' title='bbox 1081 2251 1257 2320; x_wconf 76' lang='lat' dir='ltr'>descendere,</span> <span class='ocrx_word' id='word_1_129' title='bbox 1276 2271 1305 2310; x_wconf 85' lang='lat' dir='ltr'>r.</span> <span class='ocrx_word' id='word_1_130' title='bbox 1315 2269 1340 2320; x_wconf 81' lang='lat'>9.</span> <span class='ocrx_word' id='word_1_131' title='bbox 1355 2251 1384 2308; x_wconf 84' lang='lat' dir='ltr'>lle</span> 
     </span>
     <span class='ocr_line' id='line_1_19' title="bbox 254 2323 1386 2394; baseline -0.008 -10"><span class='ocrx_word' id='word_1_132' title='bbox 254 2344 282 2384; x_wconf 83' lang='lat' dir='ltr'>v.</span> <span class='ocrx_word' id='word_1_133' title='bbox 296 2341 354 2394; x_wconf 85' lang='lat'><em>293.</em></span> <span class='ocrx_word' id='word_1_134' title='bbox 841 2323 905 2378; x_wconf 81' lang='lat' dir='ltr'>verb</span> <span class='ocrx_word' id='word_1_135' title='bbox 923 2326 979 2377; x_wconf 88' lang='lat' dir='ltr'>vim</span> <span class='ocrx_word' id='word_1_136' title='bbox 993 2331 1164 2392; x_wconf 81' lang='lat' dir='ltr'>naturamque</span> <span class='ocrx_word' id='word_1_137' title='bbox 1183 2323 1386 2379; x_wconf 81' lang='lat' dir='ltr'>Avernornmii·</span> 
     </span>
     <span class='ocr_line' id='line_1_20' title="bbox 305 2391 1387 2474; baseline -0.004 -24"><span class='ocrx_word' id='word_1_138' title='bbox 305 2397 450 2474; x_wconf 72' lang='lat' dir='ltr'>,Quamlibet</span> <span class='ocrx_word' id='word_1_139' title='bbox 466 2396 491 2446; x_wconf 86' lang='lat' dir='ltr'>be</span> <span class='ocrx_word' id='word_1_140' title='bbox 504 2402 596 2462; x_wconf 82' lang='lat' dir='ltr'>partem</span> <span class='ocrx_word' id='word_1_141' title='bbox 616 2392 808 2446; x_wconf 68' lang='lat' dir='ltr'>teuderamno·</span> <span class='ocrx_word' id='word_1_142' title='bbox 841 2391 958 2446; x_wconf 79' lang='lat' dir='ltr'>stinttibs</span> <span class='ocrx_word' id='word_1_143' title='bbox 968 2392 1100 2459; x_wconf 87' lang='lat' dir='ltr'>explicet,</span> <span class='ocrx_word' id='word_1_144' title='bbox 1119 2409 1146 2446; x_wconf 84' lang='lat' dir='ltr'>v.</span> <span class='ocrx_word' id='word_1_145' title='bbox 1158 2405 1204 2458; x_wconf 85' lang='lat'>49.</span> <span class='ocrx_word' id='word_1_146' title='bbox 1228 2391 1387 2458; x_wconf 58' lang='lat' dir='ltr'>Monetffl&#39;er·</span> 
     </span>
     <span class='ocr_line' id='line_1_21' title="bbox 355 2459 1387 2531; baseline -0.001 -12"><span class='ocrx_word' id='word_1_147' title='bbox 355 2467 394 2530; x_wconf 75' lang='lat' dir='ltr'>tl,</span> <span class='ocrx_word' id='word_1_148' title='bbox 415 2471 566 2531; x_wconf 79' lang='lat' dir='ltr'>ruuntquer</span> <span class='ocrx_word' id='word_1_149' title='bbox 842 2478 897 2518; x_wconf 89' lang='lat' dir='ltr'>ram</span> <span class='ocrx_word' id='word_1_150' title='bbox 911 2463 1043 2515; x_wconf 85' lang='lat' dir='ltr'>continere</span> <span class='ocrx_word' id='word_1_151' title='bbox 1060 2460 1153 2524; x_wconf 90' lang='lat' dir='ltr'>multa,</span> <span class='ocrx_word' id='word_1_152' title='bbox 1173 2468 1206 2515; x_wconf 91' lang='lat' dir='ltr'>ut</span> <span class='ocrx_word' id='word_1_153' title='bbox 1222 2459 1347 2525; x_wconf 79' lang='lat' dir='ltr'>salubria,</span> <span class='ocrx_word' id='word_1_154' title='bbox 1358 2461 1387 2520; x_wconf 76' lang='lat' dir='ltr'>ib</span> 
     </span>
     <span class='ocr_line' id='line_1_22' title="bbox 253 2528 1387 2602; baseline -0.004 -15"><span class='ocrx_word' id='word_1_155' title='bbox 253 2535 399 2602; x_wconf 84' lang='lat' dir='ltr'>Virgilius,</span> <span class='ocrx_word' id='word_1_156' title='bbox 423 2529 630 2585; x_wconf 80' lang='lat' dir='ltr'>tumulorArenae</span> <span class='ocrx_word' id='word_1_157' title='bbox 646 2543 750 2595; x_wconf 86' lang='lat' dir='ltr'>ruere,¹</span> <span class='ocrx_word' id='word_1_158' title='bbox 764 2529 792 2584; x_wconf 64' lang='grc' dir='ltr'><strong><em>ἃ</em></strong></span> <span class='ocrx_word' id='word_1_159' title='bbox 842 2531 921 2584; x_wconf 85' lang='lat' dir='ltr'>noxia</span> <span class='ocrx_word' id='word_1_160' title='bbox 935 2528 1111 2593; x_wconf 83' lang='lat' dir='ltr'>Hominibus,</span> <span class='ocrx_word' id='word_1_161' title='bbox 1140 2529 1257 2598; x_wconf 79' lang='lat' dir='ltr'>aliisque</span> <span class='ocrx_word' id='word_1_162' title='bbox 1275 2530 1387 2585; x_wconf 75' lang='lat' dir='ltr'>Animos·</span> 
     </span>
     <span class='ocr_line' id='line_1_23' title="bbox 308 2595 1388 2669; baseline -0.003 -14"><span class='ocrx_word' id='word_1_163' title='bbox 308 2613 409 2669; x_wconf 72' lang='lat' dir='ltr'>spumas</span> <span class='ocrx_word' id='word_1_164' title='bbox 421 2603 484 2655; x_wconf 75' lang='lat' dir='ltr'>Sabi</span> <span class='ocrx_word' id='word_1_165' title='bbox 505 2619 550 2652; x_wconf 72' lang='lat' dir='ltr'>ere</span> <span class='ocrx_word' id='word_1_166' title='bbox 569 2599 689 2654; x_wconf 85' lang='lat' dir='ltr'>ruebant.</span> <span class='ocrx_word' id='word_1_167' title='bbox 843 2600 914 2653; x_wconf 89' lang='lat' dir='ltr'>tibus</span> <span class='ocrx_word' id='word_1_168' title='bbox 930 2595 1042 2662; x_wconf 88' lang='lat' dir='ltr'>semina,</span> <span class='ocrx_word' id='word_1_169' title='bbox 1062 2597 1197 2665; x_wconf 86' lang='lat' dir='ltr'>multaque</span> <span class='ocrx_word' id='word_1_170' title='bbox 1224 2601 1388 2666; x_wconf 73' lang='lat' dir='ltr'>congerite!-</span> 
     </span>
     <span class='ocr_line' id='line_1_24' title="bbox 289 2665 1387 2738; baseline -0.002 -14"><span class='ocrx_word' id='word_1_171' title='bbox 289 2686 348 2738; x_wconf 86' lang='lat'>730.</span> <span class='ocrx_word' id='word_1_172' title='bbox 375 2670 521 2737; x_wconf 67' lang='lat' dir='ltr'>Aquilonum</span> <span class='ocrx_word' id='word_1_173' title='bbox 546 2670 665 2733; x_wconf 70' lang='lat' dir='ltr'>nichila.)</span> <span class='ocrx_word' id='word_1_174' title='bbox 709 2667 807 2734; x_wconf 78' lang='lat' dir='ltr'>Fayue,</span> <span class='ocrx_word' id='word_1_175' title='bbox 844 2668 944 2735; x_wconf 85' lang='lat' dir='ltr'>empla,</span> <span class='ocrx_word' id='word_1_176' title='bbox 965 2667 1059 2735; x_wconf 86' lang='lat' dir='ltr'>quibus</span> <span class='ocrx_word' id='word_1_177' title='bbox 1072 2668 1146 2721; x_wconf 88' lang='lat' dir='ltr'>docet</span> <span class='ocrx_word' id='word_1_178' title='bbox 1156 2665 1387 2722; x_wconf 77' lang='lat' dir='ltr'>multarumreru!</span> 
     </span>
     <span class='ocr_line' id='line_1_25' title="bbox 256 2731 1388 2800; baseline -0.004 -6"><span class='ocrx_word' id='word_1_179' title='bbox 256 2741 303 2794; x_wconf 87' lang='lat' dir='ltr'>Vir</span> <span class='ocrx_word' id='word_1_180' title='bbox 323 2744 350 2792; x_wconf 89' lang='lat' dir='ltr'>in</span> <span class='ocrx_word' id='word_1_181' title='bbox 369 2755 455 2793; x_wconf 86' lang='lat' dir='ltr'>errore</span> <span class='ocrx_word' id='word_1_182' title='bbox 474 2736 607 2798; x_wconf 85' lang='lat' dir='ltr'>constans,</span> <span class='ocrx_word' id='word_1_183' title='bbox 628 2737 654 2787; x_wconf 77' lang='lat' dir='ltr'>lie</span> <span class='ocrx_word' id='word_1_184' title='bbox 667 2736 712 2800; x_wconf 84' lang='lat' dir='ltr'>qui</span> <span class='ocrx_word' id='word_1_185' title='bbox 721 2736 810 2788; x_wconf 88' lang='lat' dir='ltr'>eadem</span> <span class='ocrx_word' id='word_1_186' title='bbox 844 2736 950 2791; x_wconf 79' lang='lat' dir='ltr'>effluvio</span> <span class='ocrx_word' id='word_1_187' title='bbox 971 2735 1062 2790; x_wconf 90' lang='lat' dir='ltr'>multis</span> <span class='ocrx_word' id='word_1_188' title='bbox 1085 2735 1163 2790; x_wconf 86' lang='lat' dir='ltr'>rebus</span> <span class='ocrx_word' id='word_1_189' title='bbox 1181 2733 1327 2792; x_wconf 72' lang='lat' dir='ltr'>insalubria</span> <span class='ocrx_word' id='word_1_190' title='bbox 1349 2731 1388 2790; x_wconf 80' lang='lat' dir='ltr'>else</span> 
     </span>
     <span class='ocr_line' id='line_1_26' title="bbox 256 2800 1388 2872; baseline -0.004 -10"><span class='ocrx_word' id='word_1_191' title='bbox 256 2810 351 2863; x_wconf 81' lang='lat' dir='ltr'>chorda</span> <span class='ocrx_word' id='word_1_192' title='bbox 365 2805 464 2872; x_wconf 86' lang='lat' dir='ltr'>semper</span> <span class='ocrx_word' id='word_1_193' title='bbox 475 2800 577 2872; x_wconf 77' lang='lat' dir='ltr'>egregii</span> <span class='ocrx_word' id='word_1_194' title='bbox 595 2802 707 2856; x_wconf 86' lang='lat' dir='ltr'>oberrat.</span> <span class='ocrx_word' id='word_1_195' title='bbox 845 2808 872 2860; x_wconf 68' lang='grc' dir='ltr'>δι</span> <span class='ocrx_word' id='word_1_196' title='bbox 883 2802 1024 2858; x_wconf 79' lang='lat' dir='ltr'>mortifera.</span> <span class='ocrx_word' id='word_1_197' title='bbox 1061 2803 1111 2856; x_wconf 89' lang='lat' dir='ltr'>His</span> <span class='ocrx_word' id='word_1_198' title='bbox 1130 2803 1273 2871; x_wconf 85' lang='lat' dir='ltr'>propositis</span> <span class='ocrx_word' id='word_1_199' title='bbox 1290 2805 1388 2872; x_wconf 73' lang='lat' dir='ltr'>deniqu</span> 
     </span>
     <span class='ocr_line' id='line_1_27' title="bbox 289 2869 1387 2943; baseline -0.003 -14"><span class='ocrx_word' id='word_1_200' title='bbox 289 2890 350 2943; x_wconf 83' lang='lat'><em>737.</em></span> <span class='ocrx_word' id='word_1_201' title='bbox 370 2873 503 2941; x_wconf 77' lang='lat' dir='ltr'>Subigit.)</span> <span class='ocrx_word' id='word_1_202' title='bbox 524 2872 619 2939; x_wconf 78' lang='lat' dir='ltr'>Cogit,</span> <span class='ocrx_word' id='word_1_203' title='bbox 641 2869 792 2939; x_wconf 78' lang='lat' dir='ltr'>Virgilius,</span> <span class='ocrx_word' id='word_1_204' title='bbox 845 2890 900 2927; x_wconf 90' lang='lat' dir='ltr'>rem</span> <span class='ocrx_word' id='word_1_205' title='bbox 918 2870 998 2940; x_wconf 80' lang='lat' dir='ltr'>ipsam</span> <span class='ocrx_word' id='word_1_206' title='bbox 1013 2872 1183 2940; x_wconf 65' lang='lat' dir='ltr'>aggreditura</span> <span class='ocrx_word' id='word_1_207' title='bbox 1223 2875 1252 2928; x_wconf 88' lang='lat'>&amp;</span> <span class='ocrx_word' id='word_1_208' title='bbox 1267 2871 1387 2942; x_wconf 69' lang='lat' dir='ltr'>primia,</span> 
     </span>
     <span class='ocr_line' id='line_1_28' title="bbox 341 2939 1388 3010; baseline -0.001 -15"><span class='ocrx_word' id='word_1_209' title='bbox 341 2973 384 2982; x_wconf 77' lang='lat'>--</span> <span class='ocrx_word' id='word_1_210' title='bbox 402 2942 632 3010; x_wconf 74' lang='lat' dir='ltr'>Subigitquefuteri</span> <span class='ocrx_word' id='word_1_211' title='bbox 641 2955 650 2992; x_wconf 91' lang='lat'>.·</span> <span class='ocrx_word' id='word_1_212' title='bbox 846 2960 872 2996; x_wconf 88' lang='lat' dir='ltr'>v.</span> <span class='ocrx_word' id='word_1_213' title='bbox 887 2959 926 2994; x_wconf 86' lang='lat'>12.</span> <span class='ocrx_word' id='word_1_214' title='bbox 948 2941 1048 3007; x_wconf 86' lang='lat' dir='ltr'>Nempe</span> <span class='ocrx_word' id='word_1_215' title='bbox 1066 2957 1100 2994; x_wconf 81' lang='lat' dir='ltr'>ex</span> <span class='ocrx_word' id='word_1_216' title='bbox 1113 2941 1228 2995; x_wconf 79' lang='lat' dir='ltr'>Auernis</span> <span class='ocrx_word' id='word_1_217' title='bbox 1245 2949 1316 2998; x_wconf 87' lang='lat' dir='ltr'>teter</span> <span class='ocrx_word' id='word_1_218' title='bbox 1327 2939 1388 2995; x_wconf 75' lang='lat' dir='ltr'>luli-</span> 
     </span>
     <span class='ocr_line' id='line_1_29' title="bbox 260 3007 1387 3078; baseline -0.004 -11"><span class='ocrx_word' id='word_1_219' title='bbox 260 3012 399 3076; x_wconf 83' lang='lat' dir='ltr'>Lucilius,</span> <span class='ocrx_word' id='word_1_220' title='bbox 845 3019 888 3064; x_wconf 84' lang='lat' dir='ltr'>tus</span> <span class='ocrx_word' id='word_1_221' title='bbox 907 3026 980 3063; x_wconf 90' lang='lat' dir='ltr'>erum</span> <span class='ocrx_word' id='word_1_222' title='bbox 999 3010 1037 3073; x_wconf 87' lang='lat' dir='ltr'>it,</span> <span class='ocrx_word' id='word_1_223' title='bbox 1059 3026 1110 3078; x_wconf 91' lang='lat' dir='ltr'>quo</span> <span class='ocrx_word' id='word_1_224' title='bbox 1122 3007 1324 3067; x_wconf 77' lang='lat' dir='ltr'>transvolaturas</span> <span class='ocrx_word' id='word_1_225' title='bbox 1331 3009 1387 3064; x_wconf 75' lang='lat' dir='ltr'>nee</span> 
     </span>
     <span class='ocr_line' id='line_1_30' title="bbox 308 3073 1386 3146; baseline -0.001 -12"><span class='ocrx_word' id='word_1_226' title='bbox 308 3082 423 3135; x_wconf 86' lang='lat' dir='ltr'>Invitum</span> <span class='ocrx_word' id='word_1_227' title='bbox 440 3080 520 3146; x_wconf 83' lang='lat' dir='ltr'>glebas</span> <span class='ocrx_word' id='word_1_228' title='bbox 539 3075 640 3145; x_wconf 76' lang='lat' dir='ltr'>subigas</span> <span class='ocrx_word' id='word_1_229' title='bbox 666 3075 813 3144; x_wconf 62' lang='lat' dir='ltr'>messinam</span> <span class='ocrx_word' id='word_1_230' title='bbox 845 3076 962 3132; x_wconf 86' lang='lat' dir='ltr'>sobitba</span> <span class='ocrx_word' id='word_1_231' title='bbox 992 3087 1038 3133; x_wconf 85' lang='lat' dir='ltr'>atae</span> <span class='ocrx_word' id='word_1_232' title='bbox 1056 3075 1163 3145; x_wconf 79' lang='lat' dir='ltr'>repenti</span> <span class='ocrx_word' id='word_1_233' title='bbox 1179 3079 1324 3144; x_wconf 74' lang='lat' dir='ltr'>«lectrum,</span> <span class='ocrx_word' id='word_1_234' title='bbox 1343 3073 1386 3138; x_wconf 77' lang='lat' dir='ltr'>vel.</span> 
     </span>
     <span class='ocr_line' id='line_1_31' title="bbox 359 3146 1387 3216; baseline -0.003 -15"><span class='ocrx_word' id='word_1_235' title='bbox 359 3163 448 3201; x_wconf 82' lang='lat' dir='ltr'>aratro.</span> <span class='ocrx_word' id='word_1_236' title='bbox 846 3165 870 3200; x_wconf 90' lang='lat' dir='ltr'>v.</span> <span class='ocrx_word' id='word_1_237' title='bbox 887 3161 927 3200; x_wconf 78' lang='grc' dir='ltr'>ιο.</span> <span class='ocrx_word' id='word_1_238' title='bbox 967 3148 1011 3201; x_wconf 88' lang='lat' dir='ltr'>hie</span> <span class='ocrx_word' id='word_1_239' title='bbox 1026 3146 1132 3200; x_wconf 82' lang='lat' dir='ltr'>Halitus</span> <span class='ocrx_word' id='word_1_240' title='bbox 1150 3163 1294 3216; x_wconf 86' lang='lat' dir='ltr'>erumpens</span> <span class='ocrx_word' id='word_1_241' title='bbox 1309 3149 1345 3202; x_wconf 84' lang='lat' dir='ltr'>ita</span> <span class='ocrx_word' id='word_1_242' title='bbox 1358 3151 1387 3198; x_wconf 80' lang='lat' dir='ltr'>el·</span> 
     </span>
     <span class='ocr_line' id='line_1_32' title="bbox 309 3207 1386 3283; baseline -0.006 -9"><span class='ocrx_word' id='word_1_243' title='bbox 309 3228 368 3283; x_wconf 77' lang='lat'>728.</span> <span class='ocrx_word' id='word_1_244' title='bbox 394 3221 469 3272; x_wconf 82' lang='lat' dir='ltr'>Nunc</span> <span class='ocrx_word' id='word_1_245' title='bbox 489 3231 548 3282; x_wconf 82' lang='lat' dir='ltr'>agr,</span> <span class='ocrx_word' id='word_1_246' title='bbox 574 3214 693 3272; x_wconf 75' lang='lat' dir='ltr'>Averna,</span> <span class='ocrx_word' id='word_1_247' title='bbox 730 3207 811 3279; x_wconf 62' lang='grc' dir='ltr'>δια)</span> <span class='ocrx_word' id='word_1_248' title='bbox 846 3223 937 3270; x_wconf 89' lang='lat' dir='ltr'>tenuat</span> <span class='ocrx_word' id='word_1_249' title='bbox 963 3219 990 3270; x_wconf 72' lang='lat' dir='ltr'>St</span> <span class='ocrx_word' id='word_1_250' title='bbox 1007 3213 1111 3268; x_wconf 86' lang='lat' dir='ltr'>discutit</span> <span class='ocrx_word' id='word_1_251' title='bbox 1129 3213 1244 3279; x_wconf 83' lang='lat' dir='ltr'>Aerem,</span> <span class='ocrx_word' id='word_1_252' title='bbox 1282 3225 1313 3271; x_wconf 87' lang='lat' dir='ltr'>ut</span> <span class='ocrx_word' id='word_1_253' title='bbox 1331 3215 1386 3270; x_wconf 73' lang='lat' dir='ltr'>iver</span> 
     </span>
     <span class='ocr_line' id='line_1_33' title="bbox 258 3278 1385 3353; baseline -0.005 -8"><span class='ocrx_word' id='word_1_254' title='bbox 258 3287 410 3346; x_wconf 82' lang='lat' dir='ltr'>Beneficum</span> <span class='ocrx_word' id='word_1_255' title='bbox 425 3288 507 3340; x_wconf 85' lang='lat' dir='ltr'>Deum</span> <span class='ocrx_word' id='word_1_256' title='bbox 525 3300 578 3338; x_wconf 87' lang='lat' dir='ltr'>uon</span> <span class='ocrx_word' id='word_1_257' title='bbox 596 3278 728 3351; x_wconf 83' lang='lat' dir='ltr'>agnoscit.</span> <span class='ocrx_word' id='word_1_258' title='bbox 757 3281 813 3333; x_wconf 72' lang='lat' dir='ltr'>lra-</span> <span class='ocrx_word' id='word_1_259' title='bbox 846 3286 964 3339; x_wconf 87' lang='lat' dir='ltr'>volantes</span> <span class='ocrx_word' id='word_1_260' title='bbox 974 3287 1003 3337; x_wconf 88' lang='lat' dir='ltr'>in</span> <span class='ocrx_word' id='word_1_261' title='bbox 1021 3283 1067 3338; x_wconf 94' lang='lat' dir='ltr'>illo</span> <span class='ocrx_word' id='word_1_262' title='bbox 1078 3282 1214 3338; x_wconf 87' lang='lat' dir='ltr'>sustentari</span> <span class='ocrx_word' id='word_1_263' title='bbox 1229 3302 1286 3340; x_wconf 90' lang='lat' dir='ltr'>non</span> <span class='ocrx_word' id='word_1_264' title='bbox 1295 3281 1385 3353; x_wconf 78' lang='lat' dir='ltr'>polin</span> 
     </span>
     <span class='ocr_line' id='line_1_34' title="bbox 259 3348 1386 3422; baseline -0.012 -10"><span class='ocrx_word' id='word_1_265' title='bbox 259 3367 316 3413; x_wconf 87' lang='lat' dir='ltr'>tum</span> <span class='ocrx_word' id='word_1_266' title='bbox 333 3365 410 3411; x_wconf 72' lang='lat' dir='ltr'>norat</span> <span class='ocrx_word' id='word_1_267' title='bbox 425 3354 580 3415; x_wconf 89' lang='lat' dir='ltr'>Lueretius,</span> <span class='ocrx_word' id='word_1_268' title='bbox 602 3353 628 3406; x_wconf 83' lang='lat'>&amp;</span> <span class='ocrx_word' id='word_1_269' title='bbox 645 3358 675 3404; x_wconf 87' lang='lat' dir='ltr'>ut</span> <span class='ocrx_word' id='word_1_270' title='bbox 685 3348 750 3402; x_wconf 88' lang='lat' dir='ltr'>Coeli</span> <span class='ocrx_word' id='word_1_271' title='bbox 763 3350 812 3402; x_wconf 78' lang='lat' dir='ltr'>Ae·</span> <span class='ocrx_word' id='word_1_272' title='bbox 847 3355 992 3409; x_wconf 77' lang='lat' dir='ltr'>decidentes</span> <span class='ocrx_word' id='word_1_273' title='bbox 1013 3361 1100 3406; x_wconf 80' lang='lat' dir='ltr'>autem</span> <span class='ocrx_word' id='word_1_274' title='bbox 1122 3353 1150 3404; x_wconf 84' lang='lat' dir='ltr'>in</span> <span class='ocrx_word' id='word_1_275' title='bbox 1177 3353 1257 3407; x_wconf 74' lang='lat' dir='ltr'>Inani</span> <span class='ocrx_word' id='word_1_276' title='bbox 1282 3353 1386 3422; x_wconf 75' lang='lat' dir='ltr'>protinas</span> 
     </span>
     <span class='ocr_line' id='line_1_35' title="bbox 261 3379 1330 3500; baseline -0.01 -21"><span class='ocrx_word' id='word_1_277' title='bbox 261 3430 349 3493; x_wconf 87' lang='lat' dir='ltr'>risque</span> <span class='ocrx_word' id='word_1_278' title='bbox 366 3379 535 3477; x_wconf 65' lang='lat' dir='ltr'>ihaenomena</span> <span class='ocrx_word' id='word_1_279' title='bbox 549 3422 605 3474; x_wconf 81' lang='lat' dir='ltr'>Diis</span> <span class='ocrx_word' id='word_1_280' title='bbox 623 3421 752 3500; x_wconf 72' lang='lat' dir='ltr'>Superis,</span> <span class='ocrx_word' id='word_1_281' title='bbox 776 3420 813 3472; x_wconf 86' lang='lat' dir='ltr'>ita</span> <span class='ocrx_word' id='word_1_282' title='bbox 847 3424 976 3491; x_wconf 79' lang='lat' dir='ltr'>expirent.</span> <span class='ocrx_word' id='word_1_283' title='bbox 1012 3421 1074 3474; x_wconf 80' lang='lat' dir='ltr'>Haec</span> <span class='ocrx_word' id='word_1_284' title='bbox 1091 3422 1200 3486; x_wconf 81' lang='lat' dir='ltr'>omnia,</span> <span class='ocrx_word' id='word_1_285' title='bbox 1220 3439 1250 3478; x_wconf 79' lang='lat' dir='ltr'>v,</span> <span class='ocrx_word' id='word_1_286' title='bbox 1272 3437 1330 3476; x_wconf 79' lang='lat'><em>102.</em></span> 
     </span>
     <span class='ocr_line' id='line_1_36' title="bbox 259 3489 1385 3626; baseline -0.004 -10"><span class='ocrx_word' id='word_1_287' title='bbox 259 3495 517 3617; x_wconf 52' lang='lat' dir='ltr'>libibinis</span> <span class='ocrx_word' id='word_1_288' title='bbox 533 3489 814 3626; x_wconf 55' lang='lat' dir='ltr'>lisl‘bllmltt:</span> <span class='ocrx_word' id='word_1_289' title='bbox 847 3506 940 3614; x_wconf 65' lang='lat' dir='ltr'>miii</span> <span class='ocrx_word' id='word_1_290' title='bbox 956 3491 1035 3610; x_wconf 65' lang='lat' dir='ltr'>,ill</span> <span class='ocrx_word' id='word_1_291' title='bbox 1049 3489 1385 3626; x_wconf 50' lang='lat' dir='ltr'>libllittlf&#39;ffub</span> 
     </span>
     <span class='ocr_line' id='line_1_37' title="bbox 185 3627 1383 3695; baseline -0.003 -12"><span class='ocrx_word' id='word_1_292' title='bbox 185 3667 187 3672; x_wconf 87' lang='lat'>-</span> <span class='ocrx_word' id='word_1_293' title='bbox 258 3631 316 3683; x_wconf 84' lang='lat' dir='ltr'>dam</span> <span class='ocrx_word' id='word_1_294' title='bbox 334 3627 393 3683; x_wconf 90' lang='lat' dir='ltr'>sunt</span> <span class='ocrx_word' id='word_1_295' title='bbox 412 3630 489 3692; x_wconf 83' lang='lat' dir='ltr'>loca,</span> <span class='ocrx_word' id='word_1_296' title='bbox 511 3646 585 3695; x_wconf 81' lang='lat' dir='ltr'>quae,</span> <span class='ocrx_word' id='word_1_297' title='bbox 610 3645 637 3680; x_wconf 85' lang='lat' dir='ltr'>v.</span> <span class='ocrx_word' id='word_1_298' title='bbox 654 3640 681 3688; x_wconf 80' lang='lat'>9·</span> <span class='ocrx_word' id='word_1_299' title='bbox 710 3628 814 3679; x_wconf 79' lang='lat' dir='ltr'>Averna</span> <span class='ocrx_word' id='word_1_300' title='bbox 847 3631 899 3684; x_wconf 87' lang='lat' dir='ltr'>lius</span> <span class='ocrx_word' id='word_1_301' title='bbox 916 3628 1067 3682; x_wconf 86' lang='lat' dir='ltr'>Lucretium</span> <span class='ocrx_word' id='word_1_302' title='bbox 1084 3627 1226 3695; x_wconf 82' lang='lat' dir='ltr'>imitatus,</span> <span class='ocrx_word' id='word_1_303' title='bbox 1288 3633 1383 3683; x_wconf 65' lang='lat' dir='ltr'>mbr·</span> 
     </span>
     <span class='ocr_line' id='line_1_38' title="bbox 260 3693 1414 3768; baseline -0.007 -16"><span class='ocrx_word' id='word_1_304' title='bbox 260 3700 369 3752; x_wconf 77' lang='lat' dir='ltr'>elicimus</span> <span class='ocrx_word' id='word_1_305' title='bbox 424 3714 478 3763; x_wconf 84' lang='lat' dir='ltr'>qua</span> <span class='ocrx_word' id='word_1_306' title='bbox 504 3698 602 3749; x_wconf 73' lang='lat' dir='ltr'>Avibus</span> <span class='ocrx_word' id='word_1_307' title='bbox 624 3693 812 3763; x_wconf 86' lang='lat' dir='ltr'>supervolanti·</span> <span class='ocrx_word' id='word_1_308' title='bbox 848 3713 907 3768; x_wconf 79' lang='lat'>237.</span> <span class='ocrx_word' id='word_1_309' title='bbox 1412 3706 1414 3720; x_wconf 85' lang='lat'>¹</span> 
     </span>
     <span class='ocr_line' id='line_1_39' title="bbox 260 3760 813 3833; baseline -0.013 -11"><span class='ocrx_word' id='word_1_310' title='bbox 260 3769 327 3830; x_wconf 90' lang='lat' dir='ltr'>bus,</span> <span class='ocrx_word' id='word_1_311' title='bbox 347 3766 457 3833; x_wconf 85' lang='lat' dir='ltr'>aliisque</span> <span class='ocrx_word' id='word_1_312' title='bbox 468 3764 655 3829; x_wconf 82' lang='lat' dir='ltr'>Animalibus,</span> <span class='ocrx_word' id='word_1_313' title='bbox 676 3781 731 3832; x_wconf 85' lang='lat' dir='ltr'>quae</span> <span class='ocrx_word' id='word_1_314' title='bbox 745 3760 813 3816; x_wconf 82' lang='lat' dir='ltr'>sorti</span> 
     </span>
     <span class='ocr_line' id='line_1_40' title="bbox 259 3830 1385 3904; baseline -0.003 -13"><span class='ocrx_word' id='word_1_315' title='bbox 259 3838 322 3891; x_wconf 84' lang='lat' dir='ltr'>illae</span> <span class='ocrx_word' id='word_1_316' title='bbox 334 3831 501 3898; x_wconf 76' lang='lat' dir='ltr'>transierint,</span> <span class='ocrx_word' id='word_1_317' title='bbox 521 3835 581 3890; x_wconf 83' lang='lat' dir='ltr'>lunt</span> <span class='ocrx_word' id='word_1_318' title='bbox 592 3830 740 3901; x_wconf 86' lang='lat' dir='ltr'>perniciosa.</span> <span class='ocrx_word' id='word_1_319' title='bbox 762 3832 816 3885; x_wconf 87' lang='lat' dir='ltr'>Ta·</span> <span class='ocrx_word' id='word_1_320' title='bbox 899 3835 1015 3903; x_wconf 77' lang='lat' dir='ltr'>Spelunca</span> <span class='ocrx_word' id='word_1_321' title='bbox 1031 3833 1163 3900; x_wconf 80' lang='lat' dir='ltr'>ultafue&#39;r,</span> <span class='ocrx_word' id='word_1_322' title='bbox 1181 3832 1302 3904; x_wconf 70' lang='lat' dir='ltr'>vastoque</span> <span class='ocrx_word' id='word_1_323' title='bbox 1316 3836 1385 3888; x_wconf 68' lang='lat' dir='ltr'>int*</span> 
     </span>
     <span class='ocr_line' id='line_1_41' title="bbox 261 3902 1414 3969; baseline -0.003 -11"><span class='ocrx_word' id='word_1_324' title='bbox 261 3907 294 3958; x_wconf 88' lang='lat' dir='ltr'>lis</span> <span class='ocrx_word' id='word_1_325' title='bbox 317 3908 351 3962; x_wconf 81' lang='lat' dir='ltr'>eli</span> <span class='ocrx_word' id='word_1_326' title='bbox 372 3904 443 3957; x_wconf 85' lang='lat' dir='ltr'>locus</span> <span class='ocrx_word' id='word_1_327' title='bbox 462 3905 530 3969; x_wconf 80' lang='lat' dir='ltr'>apud</span> <span class='ocrx_word' id='word_1_328' title='bbox 552 3905 663 3966; x_wconf 80' lang='lat' dir='ltr'>Cumas,</span> <span class='ocrx_word' id='word_1_329' title='bbox 684 3917 741 3954; x_wconf 77' lang='lat' dir='ltr'>ua</span> <span class='ocrx_word' id='word_1_330' title='bbox 787 3902 815 3953; x_wconf 88' lang='lat' dir='ltr'>in</span> <span class='ocrx_word' id='word_1_331' title='bbox 948 3907 984 3955; x_wconf 73' lang='lat' dir='ltr'>nei</span> <span class='ocrx_word' id='word_1_332' title='bbox 995 3904 1082 3962; x_wconf 80' lang='lat' dir='ltr'>biatu,</span> <span class='ocrx_word' id='word_1_333' title='bbox 1411 3903 1414 3968; x_wconf 79' lang='lat' dir='ltr'>l</span> 
     </span>
     <span class='ocr_line' id='line_1_42' title="bbox 261 3970 1414 4042; baseline -0.001 -15"><span class='ocrx_word' id='word_1_334' title='bbox 261 3975 315 4042; x_wconf 85' lang='lat' dir='ltr'>ipsa</span> <span class='ocrx_word' id='word_1_335' title='bbox 332 3975 463 4030; x_wconf 71' lang='lat' dir='ltr'>Alisonem</span> <span class='ocrx_word' id='word_1_336' title='bbox 475 3991 489 4022; x_wconf 84' lang='grc' dir='ltr'>.·ι</span> <span class='ocrx_word' id='word_1_337' title='bbox 511 3974 583 4035; x_wconf 73' lang='lat' dir='ltr'>brce,</span> <span class='ocrx_word' id='word_1_338' title='bbox 604 3986 666 4033; x_wconf 89' lang='lat' dir='ltr'><strong>v.7.</strong></span> <span class='ocrx_word' id='word_1_339' title='bbox 688 3970 814 4039; x_wconf 80' lang='lat' dir='ltr'>insyria,</span> <span class='ocrx_word' id='word_1_340' title='bbox 901 3972 1022 4040; x_wconf 82' lang='lat' dir='ltr'>Serrepen,</span> <span class='ocrx_word' id='word_1_341' title='bbox 1044 3974 1159 4023; x_wconf 76' lang='lat' dir='ltr'>teetalatre</span> <span class='ocrx_word' id='word_1_342' title='bbox 1167 3971 1250 4040; x_wconf 83' lang='lat' dir='ltr'>nigro,</span> <span class='ocrx_word' id='word_1_343' title='bbox 1270 3981 1387 4026; x_wconf 73' lang='lat' dir='ltr'>erm</span> <span class='ocrx_word' id='word_1_344' title='bbox 1410 3971 1414 4041; x_wconf 75' lang='lat' dir='ltr'>l</span> 
     </span>
     <span class='ocr_line' id='line_1_43' title="bbox 261 4040 1129 4110; baseline -0.003 -15"><span class='ocrx_word' id='word_1_345' title='bbox 261 4060 287 4095; x_wconf 87' lang='lat' dir='ltr'>v.</span> <span class='ocrx_word' id='word_1_346' title='bbox 300 4071 325 4108; x_wconf 54' lang='lat' dir='ltr'>p.</span> <span class='ocrx_word' id='word_1_347' title='bbox 365 4046 392 4096; x_wconf 89' lang='lat' dir='ltr'>in</span> <span class='ocrx_word' id='word_1_348' title='bbox 417 4042 511 4110; x_wconf 81' lang='lat' dir='ltr'>qulbus</span> <span class='ocrx_word' id='word_1_349' title='bbox 529 4041 592 4093; x_wconf 75' lang='lat' dir='ltr'>lotis</span> <span class='ocrx_word' id='word_1_350' title='bbox 610 4041 669 4093; x_wconf 78' lang='lat' dir='ltr'>Arri</span> <span class='ocrx_word' id='word_1_351' title='bbox 691 4040 759 4092; x_wconf 90' lang='lat' dir='ltr'>Ditis</span> <span class='ocrx_word' id='word_1_352' title='bbox 777 4041 816 4103; x_wconf 87' lang='lat' dir='ltr'>ja·</span> <span class='ocrx_word' id='word_1_353' title='bbox 951 4058 996 4107; x_wconf 76' lang='lat' dir='ltr'>qne</span> <span class='ocrx_word' id='word_1_354' title='bbox 1010 4041 1129 4100; x_wconf 70' lang='lat' dir='ltr'>teneberis</span> 
     </span>
     <span class='ocr_line' id='line_1_44' title="bbox 262 4107 1414 4181; baseline -0.003 -18"><span class='ocrx_word' id='word_1_355' title='bbox 262 4129 340 4168; x_wconf 78' lang='lat' dir='ltr'>uttam</span> <span class='ocrx_word' id='word_1_356' title='bbox 356 4124 443 4180; x_wconf 69' lang='lat' dir='ltr'>pauore</span> <span class='ocrx_word' id='word_1_357' title='bbox 460 4111 568 4163; x_wconf 68' lang='lat' dir='ltr'>creabilis</span> <span class='ocrx_word' id='word_1_358' title='bbox 588 4108 709 4174; x_wconf 75' lang='lat' dir='ltr'>Vulgus,</span> <span class='ocrx_word' id='word_1_359' title='bbox 728 4109 816 4174; x_wconf 89' lang='lat' dir='ltr'>ibique</span> <span class='ocrx_word' id='word_1_360' title='bbox 900 4108 985 4176; x_wconf 73' lang='lat' dir='ltr'>,Quam</span> <span class='ocrx_word' id='word_1_361' title='bbox 993 4109 1068 4176; x_wconf 80' lang='lat' dir='ltr'>super</span> <span class='ocrx_word' id='word_1_362' title='bbox 1086 4108 1150 4160; x_wconf 68' lang='lat' dir='ltr'>lituu</span> <span class='ocrx_word' id='word_1_363' title='bbox 1168 4108 1225 4162; x_wconf 74' lang='lat' dir='ltr'>ulia</span> <span class='ocrx_word' id='word_1_364' title='bbox 1238 4107 1389 4181; x_wconf 66' lang='lat' dir='ltr'>merenti!-</span> <span class='ocrx_word' id='word_1_365' title='bbox 1411 4113 1414 4153; x_wconf 85' lang='lat' dir='ltr'>l</span> 
     </span>
     <span class='ocr_line' id='line_1_45' title="bbox 261 4177 1390 4301; baseline -0.006 -63"><span class='ocrx_word' id='word_1_366' title='bbox 261 4181 367 4239; x_wconf 75' lang='lat' dir='ltr'>Attinas</span> <span class='ocrx_word' id='word_1_367' title='bbox 385 4183 555 4240; x_wconf 80' lang='lat' dir='ltr'>Mortuerum</span> <span class='ocrx_word' id='word_1_368' title='bbox 575 4177 720 4235; x_wconf 75' lang='lat' dir='ltr'>auruleus</span> <span class='ocrx_word' id='word_1_369' title='bbox 739 4179 816 4236; x_wconf 70' lang='lat' dir='ltr'>&amp;re</span> <span class='ocrx_word' id='word_1_370' title='bbox 948 4177 1011 4248; x_wconf 79' lang='lat' dir='ltr'>peni</span> <span class='ocrx_word' id='word_1_371' title='bbox 1029 4179 1136 4233; x_wconf 79' lang='lat' dir='ltr'>votnm</span> <span class='ocrx_word' id='word_1_372' title='bbox 1342 4242 1390 4301; x_wconf 55' lang='lat' dir='ltr'><strong><em>m</em></strong></span> 
     </span>
     <span class='ocr_line' id='line_1_46' title="bbox 1411 4300 1414 4326; baseline 0 0"><span class='ocrx_word' id='word_1_373' title='bbox 1411 4300 1414 4326; x_wconf 92' lang='lat' dir='ltr'>l</span> 
     </span>
    </p>
   </div>
   <div class='ocr_carea' id='block_1_5' title="bbox 0 0 1591 4967">
    <p class='ocr_par' dir='ltr' id='par_1_9' title="bbox 0 0 1591 4967">
     <span class='ocr_line' id='line_1_47' title="bbox 0 0 1591 4967; baseline 0 0"><span class='ocrx_word' id='word_1_374' title='bbox 0 0 1591 4967; x_wconf 95' lang='lat' dir='ltr'> </span> 
     </span>
    </p>
   </div>
  </div>
 </body>
</html>
