3150 4967
479 474 659 557 LIBER
697 455 997 571 QUINTUS.
1204 471 1303 570 'oea

165 643 349 730 Constitit,
374 659 473 731 atque
495 644 605 715 omnis
626 643 750 718 Mundi
768 641 857 731 quati
879 644 993 715 Limus
1012 643 1048 714 in
1065 645 1173 717 imum

165 735 340 809 confluxit
364 735 503 822 gravis,
531 736 562 806 &
588 730 730 804 subsedit
752 731 929 828 funditus,
954 750 993 804 ut
1011 735 1098 805 Faex.

209 822 295 895 Inde
315 825 430 908 Mure,
458 823 536 893 inde
556 824 641 903 A'er,
668 823 744 894 inde
764 821 877 898 AEther
897 825 907 892 i
932 821 1015 893 nifer
1033 822 1110 914 ipse.

170 913 376 999 Corporibus
399 913 530 998 liquidis
550 909 629 984 sunt
643 916 755 987 omnia
775 936 857 998 pura
878 848 1009 994 residu,
1242 932 1309 1001 500

170 1004 211 1075 Et
225 1003 350 1072 leviora
368 1002 439 1071 aliis
455 1001 535 1071 aliar
562 1004 594 1073 &
614 1002 635 1071 li
659 1000 844 1074 uidiffimus
864 999 997 1088 AEther,

173 1099 278 1177 Atque
296 1088 477 1163 ieviisrmus
505 1092 616 1162 Aerias
633 1027 852 1178 superinduit
872 1115 987 1170 nurns3

174 1182 243 1253 Nec
260 1181 424 1267 liquidum
449 1204 567 1267 corpus
585 1180 798 1251 turbantibus
818 1183 911 1252 Aeris
930 1181 1017 1254 auris

176 1266 389 1341 commiscet:
416 1267 492 1340 srnit
509 1269 579 1340 haec
601 1270 756 1341 violentis
773 1271 886 1341 omnia
907 1271 992 1341 verti

176 1359 399 1431 Turbinibus:
424 1355 501 1432 srnit
515 1358 647 1429 incertis
668 1360 802 1429 turbare
821 1360 989 1447 procellis:
1243 1376 1310 1450 505

176 1445 239 1534 lpse
263 1446 340 1518 {iios
361 1448 470 1535 igneis
491 1468 579 1519 certo
593 1445 656 1519 sert
674 1450 796 1536 impete
817 1449 940 1519 labens.¹

175 1538 259 1611 Nam
280 1536 545 1617 modicenses,
571 1554 668 1625 atque
689 1563 759 1609 uno
779 1536 864 1626 poffe
883 1536 1014 1611 iiitheto
1027 1533 1127 1625 nisu,

177 1624 342 1717 Significat
358 1628 456 1697 Ponti
474 1629 588 1707 Mare,
615 1631 702 1697 cetto
723 1627 813 1717 quod
835 1627 909 1697 fluit
928 1627 1030 1714 aestu,
1094 1637 1097 1647 '
1129 1629 1134 1638 ’

175 1716 290 1789 Unum
311 1715 441 1786 labendi
467 1713 662 1787 conservans
683 1714 785 1803 usque
804 1734 964 1788 tenorem.
1089 1747 1094 1754 ·
1120 1733 1133 1792 ,·

215 1805 370 1877 Motibus
390 1804 664 1878 Asttorumnunc
682 1830 756 1895 quae
779 1803 820 1877 fit
839 1802 955 1891 causa,
981 1823 1148 1877 canamus.
1242 1821 1311 1893 510

174 1894 359 1982 Principio,
385 1919 526 1966 maenus
542 1897 626 1967 Coeii
643 1894 669 1966 st
689 1897 832 1968 vertitirr
856 1895 967 1967 orbis:
1092 1899 1096 1924 ²
1152 1901 1156 1916 ¹

174 1984 223 2056 Ex
243 2002 382 2071 utraque
403 1950 522 2057 Poium
543 1986 626 2082 parti
640 1989 787 2080 premere
810 1989 891 2057 Aera
911 1984 1007 2055 nobis
1105 2073 1109 2082 ἰ

174 2073 422 2158 Dicendum’st,
448 2081 604 2162 extraque
625 2081 758 2161 tenete,
785 2080 817 2146 de
839 2074 987 2146 claudere
1005 2073 1185 2161 utrinque;
1297 2081 1309 2094 ''

174 2163 255 2233 inde
278 2164 391 2238 Alium
405 2160 524 2256 supera·
533 2164 653 2250 fluere,
668 2165 777 2251 'atque'
794 2163 965 2254 intendere
986 2163 1102 2236 eodem
1112 2214 1125 2250 ,
1149 2163 1153 2168 ’

177 2254 255 2340 Quo
269 2253 443 2325 -volvendr
455 2255 585 2358 micant
596 2255 714 2326 oeterni
735 2253 847 2328 Sidera
862 2252 1003 2364 ineundi:
1040 2317 1043 2322 .
1084 2283 1089 2292 ·
1141 2263 1143 2268 '
1206 2287 1210 2292 ·
1246 2268 1316 2414 ςὲᾶ

206 2542 269 2597 499.
289 2529 352 2583 Inde
371 2531 465 2593 More,
486 2533 539 2585 inde
557 2532 626 2595 Aer,
651 2529 728 2601 dec.)
796 2546 855 2598 510.
876 2531 993 2600 Motibus
1004 2530 1147 2598 Astrorurn,
1161 2528 1312 2598 &miry-

177 2596 269 2654 notus
286 2598 421 2653 Astrornm
434 2595 580 2655 urreffius'
597 2600 726 2668 explicet,
761 2598 870 2655 fidorum
890 2615 997 2653 munere
1008 2597 1033 2652 se
1048 2597 1126 2666 probi
1137 2598 1213 2666 iungi
1224 2598 1316 2668 existi·

178 2682 203 2721 v.
219 2683 259 2721 ιι.
286 2670 440 2749 premittit,
454 2670 547 2737 quibus
559 2670 732 2726 docetiiithe-
761 2680 833 2725 mant
844 2670 972 2742 Epicurei
981 2667 1032 2740 r.s¹·
1047 2666 1176 2737 poffibiies
1182 2669 1314 2788 ¹possiam

177 2752 230 2792 rem
238 2735 399 2792 leorffimum
410 2740 436 2792 de
448 2736 644 2805 liquidissimum
655 2736 730 2805 super
763 2740 886 2793 Motuum
897 2736 1037 2791 coelestium
1059 2733 1145 2791 carries
1165 2752 1180 2788 a
1200 2745 1291 2803 ignent
1303 2753 1310 2788 ε

178 2803 365 2860 inconstantem
391 2808 417 2861 dt
434 2806 617 2861 turbulentum
637 2808 730 2860 ditem
761 2808 853 2874 idjam
863 2810 916 2875 agit
926 2808 1069 2868 demerim,
1088 2822 1113 2857 v.
1129 2818 1170 2869 25.
1208 2802 1313 2860 Namsr
1375 2849 1379 2856 .

178 2875 298 2929 evestum
306 2875 481 2942 procellarum
495 2875 611 2928 omnium
626 2874 674 2929 eise
686 2893 731 2929 ex·
761 2884 847 2930 totum
858 2875 966 2929 'Corium
983 2882 1136 2938 moveatur,
1156 2882 1212 2927 tum

176 2953 294 3011 pertem,
318 2945 345 3000 dt
355 2944 479 2999 constanti
496 2944 664 3012 aequabiiique
679 2962 733 2997 mo·
762 2944 811 3012 effe
820 2945 871 3000 Aer
880 2944 992 3012 duplex,
1006 2942 1071 2999 niter
1083 2891 1247 3011 qui-stipems
1254 2959 1313 3013 pre·

177 3013 316 3075 tuiiuere,
337 3029 370 3065 ne
389 3030 422 3066 ue
438 3014 508 3067 enim
518 3012 564 3066 iste
582 3021 667 3067 motus
687 3013 733 3066 ΙΕ-
761 3023 834 3076 mat,
853 3012 1005 3079 Coeiumque
1016 3014 1044 3065 in
1060 3010 1182 3066 Occasum
1197 3019 1310 3081 urgent,

178 3081 259 3136 iteris
276 3029 452 3146 incredibilis,
477 3080 536 3134 edm
551 3083 672 3148 perennis
688 3099 733 3135 ne·-
759 3083 825 3136 aitet
835 3082 879 3149 qui
890 3078 992 3133 inferne
1003 3078 1266 3147 qtrtiisubtervehat:
1284 3082 1313 3135 Si

178 3165 227 3219 que
237 3165 354 3217 uuquam
368 3166 504 3204 recurrens
513 3149 544 3203 iit
556 3150 634 3205 Ponti
650 3150 733 3204 Euri·
762 3148 961 3218 quiescat‘Orbis
974 3157 1031 3203 tum
1040 3151 1133 3216 rapidae
1142 3151 1255 3217 quedam
1267 3150 1313 3202 AE-

178 3218 205 3274 ni
216 3219 245 3270 in
253 3217 441 3286 Propontidem
452 3220 550 3273 flttxus.
761 3215 988 3288 rhodspirticulae
1006 3219 1106 3271 exitum
1124 3219 1150 3269 in
1163 3218 1241 3271 inane
1251 3218 1314 3284 Spa-

214 3299 276 3352 500.
300 3288 388 3342 Omnia
429 3285 484 3355 ro.)
504 3286 672 3341 Terraenim
692 3286 736 3338 Li·
762 3290 829 3342 tium
846 3295 1007 3356 querentes,
1039 3303 1086 3340 nec
1108 3285 1193 3338 valida
1215 3286 1312 3339 Mundi

180 3302 436 3412 nureraextotsds
446 3356 543 3410 Mundi
557 3356 661 3422 penitus
678 3352 736 3407 snb-
762 3357 857 3409 moenia
885 3354 1046 3423 perfringere
1067 3355 1182 3408 valentes
1203 3356 1314 3407 circum·

179 3421 253 3480 {odit
763 3417 918 3488 versantur,
948 3426 974 3478 dc
992 3422 1078 3479 secum
1099 3423 1170 3476 Astra
1191 3425 1312 3489 rapiunt:

214 3505 276 3560 505.
302 3492 445 3559 Tartaro.)
462 3497 622 3561 nominate:
647 3491 734 3544 Faber.
763 3493 812 3547 Vel
824 3494 874 3545 Aer
883 3492 976 3559 aliquis
994 3500 1117 3546 externus
1128 3492 1206 3545 irruit
1218 3494 1244 3546 ἃ
1255 3507 1315 3545 ver-

212 3569 277 3628 508.
298 3562 375 3615 Ponti
386 3562 497 3628 Mure.)
519 3562 560 3615 ita
574 3556 644 3613 'redd
661 3559 737 3611 Lam·
764 3560 821 3626 sat,
841 3562 884 3614 vei
896 3562 999 3615 tandem
1008 3559 1059 3627 ipsa
1072 3568 1213 3627 prorepunt
1222 3561 1312 3625 Astra,

181 3629 278 3693 biduo,
307 3632 353 3699 qui
369 3629 507 3699 aliquando
528 3628 647 3697 scripfit,
671 3630 736 3682 Tun·
764 3639 842 3697 prout
851 3630 1007 3696 Corporibus
1015 3629 1074 3696 igni
1088 3626 1133 3681 suo
1149 3629 1240 3683 alendo
1258 3631 1317 3684 ido-

182 3707 232 3754 teon
251 3697 340 3755 More.
377 3700 439 3754 Non
455 3708 542 3755 eutem
561 3698 737 3753 fluxosroiiu-
765 3700 821 3752 neis
830 3715 875 3766 per
886 3698 986 3752 Coeium
994 3698 1134 3753 dtrcuntur.

250 3783 285 3825 ue
302 3767 414 3834 Oceani,
441 3770 508 3837 quod
528 3764 636 3822 ridiculd
657 3768 738 3833 Fayur
801 3780 858 3834 513.
884 3768 1009 3834 Extrapue
1026 3764 1137 3835 tenere.)
1173 3765 1243 3823 dliii
1280 3767 1316 3821 Ee

184 3838 225 3892 exi
249 3837 360 3898 'mavit,
386 3834 400 3905 (
408 3839 477 3894 unde
493 3839 564 3892 enim
581 3836 627 3890 iste
641 3836 737 3891 Oceani
765 3827 865 3905 utroqu'e
880 3845 964 3890 tenere.

184 3915 271 3960 notor
286 3903 378 3959 fimilis
396 3904 427 3960 iit
445 3909 489 3958 uni
500 3906 615 3960 AEtheris
630 3905 737 3978 oiseii)
803 3919 861 3971 515.
882 3901 1125 3973 AEternr'.),Coeium
1134 3904 1317 3973 Epicururnon

183 3970 225 4028 fori
239 3973 326 4029 Maris
335 3973 435 4028 Euxini
449 3972 537 4028 cursus
551 3973 738 4041 intelligendus
767 3975 864 4028 dixerit
883 3983 1016 4026 eternum:
1034 3975 1112 4026 Faber
1130 3982 1215 4026 nutem
1234 3974 1315 4041 legit,

185 4041 237 4100 esto
261 4043 357 4108 Ponto,
377 4042 518 4107 Gisrnius‚
540 4042 619 4103 idest,
638 4044 739 4097 inPon-
767 4043 882 4108 Aiterni,
917 4042 1050 4095 Mundum
1072 4041 1134 4095 verb
1151 4040 1194 4096 seu
1217 4042 1319 4097 Coeium

185 4121 227 4177 to,
248 4109 378 4167 absurdi:
399 4114 450 4167 Sed
459 4115 538 4166 Ponto
558 4113 586 4164 in
598 4109 682 4164 Libris
700 4112 740 4164 in·
768 4113 895 4165 Alternum
908 4111 996 4174 dixit,
1018 4109 1087 4179 qubd
1104 4113 1199 4163 alternis
1219 4112 1320 4166 dietum
1383 4130 1391 4140 ·

186 4182 277 4238 veuit:
300 4180 430 4245 itavetd,
454 4179 612 4253 quatranio
625 4180 741 4234 velPon-
768 4182 935 4248 nottinmque
955 4180 1056 4248 vicibus
1083 4178 1157 4232 modii
1180 4179 1223 4232 Sol
1244 4179 1319 4232 modo

187 4255 214 4308 ri
225 4266 273 4318 pro
286 4251 364 4306 Ponti
373 4250 480 4306 Codices
489 4265 623 4320 ntrnquern
635 4250 743 4305 exhibe·
761 4250 857 4308 §telle
867 4250 1000 4319 prodeant,
1022 4251 1048 4306 dr
1062 4247 1164 4303 colum
1175 4255 1300 4304 vertatur.

1249 2873 1313 2928 otest
1337 2874 1340 2881 '
1393 2901 1397 2908 ·
