3150 4967
369 432 543 515 LIBER
588 433 929 555 SECUNDUS.
1062 473 1074 492 ·
1168 448 1300 537 ¹27*

244 598 283 671 bi
306 598 522 674 vehementer·
538 625 628 674 nova
648 626 700 674 res
722 602 858 676 molitur
880 603 920 682 ad
940 604 1050 677 aureis'
1098 646 1102 654 ·
1131 616 1132 619 ’
1163 621 1167 628 ’

242 715 281 775 e,
312 692 346 761 ἃ
368 714 458 763 nova
476 689 508 761 se
528 688 647 778 species
669 690 837 762 ostendere
858 705 985 762 rerum

242 804 299 865 pue
318 799 385 851 tam
405 776 506 851 facitis
527 805 579 851 res
602 780 725 870 ulla’st,
751 781 831 939 (bum
851 783 1050 868 caprimum
1092 855 1094 860 ,
1152 803 1239 877 1025

244 869 390 955 smagis
411 872 452 938 ud
470 869 666 951 credendum
691 894 752 939 con
782 889 834 940 et:
859 871 1003 957 itemque

242 983 271 1027 ιο
297 981 481 1045 magnum,
505 982 568 1035 nec
586 978 653 1028 tani
681 958 831 1032 mirabile
851 960 1028 1045 quicqum

242 1048 272 1115 io
282 1095 296 1132 ,
321 1047 411 1132 quod
429 1070 498 1117 non
517 1048 668 1118 minuant
686 1048 834 1117 mirarier
848 1072 970 1140 ,omncs
1032 1066 1046 1110 .ῑ

243 1159 304 1215 m;
328 1152 368 1206 ut
389 1136 473 1205 Cocli
493 1136 615 1208 clatum
634 1139 1009 1224 purumquecolorem,

242 1248 287 1295 ue
307 1224 344 1293 in
365 1220 397 1293 se
419 1222 575 1298 cohibent
591 1222 857 1318 palantiafidcra
874 1224 1013 1314 paffim,
1070 1273 1073 1300 ι
1150 1251 1237 1323 ¹030
1324 1300 1327 1305 ,

242 1337 303 1393 ae,
328 1319 360 1384 ἃ
379 1309 453 1384 solie
471 1315 621 1400 praeclara
642 1316 718 1385 lucc·
735 1314 896 1394 nitorem:

254 1412 331 1488 quae
353 1398 377 1472 si
398 1404 650 1490 nuncprimirnr
671 1402 1009 1496 mortalibus'adsant²

245 1487 358 1561 roviso
376 1515 435 1560 ceu
455 1488 519 1562 fint
539 1491 667 1581 objecta
683 1512 837 1579 repente:

242 1579 327 1665 ragis
346 1578 395 1651 his
415 1581 514 1652 rebus
535 1599 662 1667 poterat
680 1581 827 1650 mirabile
847 1581 931 1666 dici,

243 1671 310 1739 nus
327 1688 404 1739 ante
425 1670 513 1755 quod
534 1670 691 1739 auderent
708 1667 778 1740 fore
796 1672 923 1748 credere
943 1672 1082 1757 gentes?
1148 1692 1235 1763 1035

242 1758 381 1843 opinor,
406 1758 452 1828 ito
470 1756 539 1828 haec
560 1756 677 1845 species
699 1760 844 1832 miranda
863 1757 987 1841 i'uiffet3

252 1845 316 1917 tibi
333 1848 402 1935 jam
425 1871 523 1917 nemo
545 1844 639 1918 feffus
657 1844 767 1918 satiate
787 1848 919 1918 videndi

242 1959 273 2007 re
293 1936 330 2006 in
348 1935 422 2005 coeli
441 1936 592 2023 dignatur
610 1937 715 2007 lucida
733 1938 873 2022 templa:

247 2044 445 2111 quapropter
465 2027 611 2095 novitate
632 2028 804 2097 exterritus
824 2022 889 2112 ipsa

242 2136 272 2182 re
290 2137 332 2183 ex
354 2115 465 2183 animo
484 2115 662 2184 rationem:
687 2112 739 2184 sed
763 2116 866 2200 magis
885 2114 950 2185 acri
1147 2136 1233 2209 1040

257 2202 441 2288 perpende,
468 2204 523 2287 &‚
548 2199 572 2272 fi
597 2205 656 2275 tibi
674 2228 751 2274 veru
777 2204 924 2288 videtur,
1120 2287 1122 2292 ,

242 2314 364 2360 nanus:
390 2308 467 2373 aut,
492 2289 608 2362 fifint'a
630 2292 695 2376 est,
721 2294 885 2379 accingere
907 2309 1027 2363 contra.
1123 2293 1126 2299 ’

242 2380 284 2450 rit
300 2379 392 2449 enim
409 2382 534 2451 ratione
552 2384 713 2468 Anime,
739 2406 816 2453 cum
836 2378 962 2453 summa
985 2382 1047 2452 loci
1067 2378 1107 2452 fit

1116 2490 1230 2565 Infini-

242 2675 307 2732 sueti
332 2675 458 2741 Homines
473 2695 526 2732 non
547 2677 657 2745 amplius
686 2674 754 2746 qnafi
767 2678 872 2743 diceret,
893 2673 1012 2733 Et'tamen
1030 2677 1231 2750 (itauffuetifimt

242 2766 266 2810 z,
286 2763 312 2800 v.
325 2759 367 2809 25.
386 2747 449 2806 doni}
466 2749 546 2829 μῆμρ
562 2750 656 2807 Ko'nm
686 2751 746 2798 oculi
756 2748 812 2799 buic
818 2748 961 2815 spellaculo)
979 2766 1045 2799 neruo
1063 2749 1128 2801 homi
1145 2750 1229 2815 digna·

242 2821 286 2876 νὴ,
305 2817 355 2874 022¹
376 2812 454 2887 ἴμοωι
471 2817 540 2875 τέγη
558 2818 603 2875 σῖτ’
624 2816 656 2874 α’.
685 2817 871 2881 burfispfffl'fin
885 2819 977 2869 (ΗΜ.
1008 2815 1169 2869 Illudaubem
1185 2817 1230 2869 Ti·

242 2884 360 2950 ipicurus
372 2888 401 2936 ad
413 2878 580 2937 Herodot'um.
686 2885 710 2935 bi
720 2882 828 2950 (Servii
841 2900 902 2937 voce
911 2884 993 2950 utor)
1011 2894 1084 2935 vacat
1091 2904 1102 2946 ‚-
1122 2883 1158 2939 Ut
1169 2887 1230 2939 mibi

242 2952 656 3019 Quodnonminumnmirarierom-
685 2953 751 3018 apud
767 2951 905 3019 Virgilium
914 2961 927 3017 ,’
948 2952 1025 3008 Geor.
1046 2968 1067 3004 1.
1102 2952 1161 3018 Jom
1176 2962 1229 3006 tum

242 3021 249 3071 i
267 3019 345 3073 codd.
364 3021 504 3084 exhibent,
523 3022 597 3088 „Quod
609 3040 657 3073 non
684 3020 749 3072 mihi
765 3021 858 3072 Taurus
867 3021 963 3072 Arotro.

242 3090 350 3139 mirabile
359 3091 462 3151 conciis,
485 3091 568 3155 &pro
583 3094 656 3143 miro·
721 3099 794 3152 1037.
815 3089 1041 3153 Satintevidendi)
1060 3086 1138 3141 Hunc
1145 3084 1228 3155 ipsum

242 3174 286 3207 nm
297 3158 326 3208 in
332 3158 412 3222 priori
424 3154 504 3211 «versu
518 3158 656 3211 Lambinus
684 3156 783 3209 versum
793 3155 879 3209 laudat
894 3156 993 3209 Nonius
1004 3158 1031 3207 in
1046 3172 1108 3209 voce
1127 3156 1227 3222 Satius,

242 3226 295 3275 thile
310 3228 445 3291 quoiquam.
482 3226 603 3277 Minuant
611 3230 657 3277 mi·
684 3224 806 3291 docetque
823 3225 944 3286 Accium,
973 3224 1131 3284 Varronem,
1151 3221 1228 3277 Luci·
1302 3268 1308 3273 .

245 3294 368 3356 mentius,
390 3293 470 3345 Andr.
480 3293 535 3345 Αθι,
547 3310 571 3346 2.
583 3295 651 3359 Sc3.
684 3290 767 3355 lium,
796 3291 952 3353 Salustium,
974 3294 1000 3345 ἃ
1018 3291 1172 3344 Terentium
1187 3307 1229 3345 en·

243 3361 313 3421 caum
323 3364 435 3420 minuerit
445 3364 495 3413 baee
505 3381 558 3427 puae
558 3365 636 3427 focis.
684 3361 740 3413 dem
752 3376 814 3413 voce
825 3358 880 3414 ui'oc
891 3356 973 3412 fuisse.
1002 3358 1033 3411 ln
1045 3356 1159 3426 sequenti
1169 3374 1228 3413 vet·
1309 3374 1311 3379 ’

242 3429 300 3480 Ante
306 3431 375 3495 quod.
386 3429 400 3495 )
418 3430 481 3481 Ante
488 3433 561 3496 quiid,
581 3431 656 3482 Lam·
683 3425 711 3479 su
720 3429 804 3493 proin
815 3430 884 3487 celi,
905 3427 957 3480 Alii
965 3426 1055 3495 legunt
1066 3430 1120 3479 binc
1130 3430 1190 3487 caeti.

243 3493 413 3563 tsequentem
424 3496 525 3550 versum
537 3500 572 3551 ita
581 3498 653 3566 legit,
718 3510 791 3559 1040.
812 3494 963 3563 Exspaere.)
999 3496 1041 3550 Sic
1063 3497 1159 3557 omme!
1173 3494 1228 3551 fere
1277 3512 1281 3518 ’

242 3573 248 3612 t
290 3567 385 3616 'nerito
399 3567 655 3633 haecspeeiesmirando
675 3562 795 3699 {bdim
834 3563 971 3617 Lambinus
989 3572 1074 3620 tamen
1096 3572 1164 3630 amat
1177 3564 1227 3621 Re·

261 3641 284 3684 rt
721 3650 765 3683 ere.

243 3702 279 3751 ibi
284 3717 293 3752 .·
303 3657 435 3741 ·s-·-··-
718 3711 791 3767 1043.
812 3699 909 3767 Quaerit
920 3702 980 3751 enim
991 3702 1080 3751 ratione
1091 3698 1199 3768 Animus.
1212 3699 1228 3767 )

242 3785 250 3820 ι
276 3767 414 3823 lectionem
436 3764 545 3837 sequor,
565 3777 655 3838 utpote
681 3766 720 3822 De
729 3776 837 3836 quatuor
849 3765 915 3822 hisce
931 3766 1043 3821 verfibns
1063 3764 1167 3836 litigant
1183 3769 1230 3823 In·

242 3838 326 3890 iorem.
682 3842 825 3903 terpretec‚
845 3836 905 3889 dum
922 3836 975 3888 Alii
994 3835 1142 3901 fastidiunt,
1163 3852 1227 3904 quot

242 3908 316 3971 ipinor
327 3942 337 3971 ,
349 3906 654 3973 ,itabaeespeciesmiranda
682 3903 735 3955 Alii
751 3901 957 3972 amplctiuntnr:
986 3902 1042 3971 Ego
1061 3906 1164 3972 quidem
1179 3922 1227 3961 nec

242 3970 300 4040 ffers
681 3968 800 4025 absurdos
810 3964 857 4026 esse
867 3972 959 4035 video,
979 3989 1025 4025 nec
1040 3970 1162 4033 inutsses3
1182 3989 1227 4028 ex·

242 4057 261 4091 n
277 4047 363 4095 autem
374 4038 476 4096 uersum
491 4040 528 4096 ita
536 4042 653 4095 emendat
680 4038 777 4107 plicant
786 4041 854 4094 enim
863 4035 955 4093 biturca
966 4037 1142 4107 disputationis
1151 4056 1229 4110 argu.

681 4116 815 4174 mentum,
837 4108 913 4176 idque
926 4125 977 4160 non
996 4110 1101 4173 inepte,
1121 4106 1227 4164 fimodb

242 4174 287 4244 :id
300 4151 353 4242 est',
372 4171 442 4243 cum)
455 4177 505 4235 ubi?
517 4178 573 4243 iam
585 4174 658 4233 nenio
680 4178 717 4230 ita
727 4186 757 4231 ut
765 4177 833 4230 ediui
844 4175 1052 4245 legantur.Foyas
1060 4175 1140 4243 legit:
1150 4178 1227 4246 ,Qua-

242 4258 261 4300 t.
581 4308 585 4315 .
679 4247 782 4298 ritmim
790 4245 998 4324 Rationem,
1019 4243 1111 4326 {besti
1125 4246 1228 4300 anam.

1174 4331 1228 4369 mus
