3150 4967
252 473 335 586 274·
626 489 675 577 r.
715 485 1026 603 rocaern
1061 459 1101 584 vf·

250 656 440 729 Percolatur
458 656 551 727 enim
570 659 684 744 virus,
711 677 865 747 retroque
887 673 1036 729 remanat

250 749 408 821 Materies
429 748 613 834 Humoris,
644 751 676 819 &
699 748 739 819 ad
765 768 862 836 caput
885 747 1041 818 amnibus
1062 746 1173 819 omnis

251 838 425 908 Convenit·
432 866 443 917 3
469 837 545 907 inde
567 834 662 925 super
678 855 781 910 terras
802 837 878 909 fluit
899 838 1030 925 agmine
1050 834 1162 923 dulci,

253 930 344 1013 Qra‘
358 931 412 997 via
438 923 522 998 seda
543 925 640 997 semel
663 928 788 1014 liquido
809 927 890 1014 pede
909 926 1028 997 detulit
1047 926 1165 997 undas.

296 1019 381 1087 Aeta
401 1041 491 1088 nunc
511 1017 611 1104 igitur·
631 1017 738 1087 dicam
757 1017 815 1104 qui
835 1036 973 1103 corpore
992 1032 1065 1086 toto

250 1105 541 1177 innumerabiliter
560 1108 667 1192 privas
686 1126 836 1179 mutatur
860 1106 896 1176 in
917 1105 1028 1177 horas.

250 1197 386 1281 Semper
406 1197 495 1265 enim
516 1196 736 1282 quodcunque
756 1196 831 1268 fluit
853 1195 894 1265 de
916 1194 1037 1279 rebus,
1062 1193 1096 1263 id
1118 1214 1221 1266 omne

249 1286 344 1357 Aeris
364 1286 400 1355 in
419 1308 576 1371 magnum
599 1282 704 1356 fertur
722 1310 835 1356 mare:
861 1285 918 1372 qui
936 1280 997 1354 nist
1018 1283 1133 1353 contib

250 1375 399 1460 Corpora
422 1375 582 1444 retribuat
602 1374 726 1460 rebus,
751 1393 940 1461 recreetque
955 1372 1131 1458 fluenteis,

250 1465 378 1534 Omnia
397 1463 463 1552 jam
482 1460 621 1534 resoluta
644 1461 776 1550 forent,
803 1467 835 1535 ἃ
855 1464 891 1532 in
912 1465 996 1533 Aera
1013 1458 1115 1532 versa.

249 1553 351 1623 Haud
375 1554 476 1641 igitur
497 1550 590 1624 cessat
608 1554 699 1640 gigni
718 1555 758 1624 de
776 1554 898 1638 rebus,
926 1553 1013 1623 &in
1034 1574 1086 1622 tes

248 1642 407 1714 Recidere
427 1639 574 1728 assidue,
600 1644 757 1729 quoniam
776 1642 877 1713 fluere
897 1642 1011 1710 omnia
1030 1637 1165 1710 constat.

295 1734 419 1819 Largus
442 1734 520 1805 item
546 1733 661 1819 liquidi
680 1729 757 1816 sons
777 1732 937 1815 luminis,
962 1728 1117 1802 aetherius
1139 1729 1197 1802 Sol

249 1822 374 1908 inrigat
393 1819 517 1893 assidue}
535 1824 657 1893 coelum
678 1822 819 1892 candore
837 1820 982 1905 recenti,

252 1912 507 1998 Suppeditatqu'e
531 1938 621 1982 novo
641 1910 810 1983 confestim
830 1910 956 1981 lumine
977 1910 1099 1979 lumen.
1278 1967 1284 1997 Ι

251 2001 343 2070 Nam
365 2002 510 2087 primum
534 2002 689 2088 quicquid
706 1998 843 2089 fulgoris
863 1996 995 2086 disperit
1014 1998 1077 2087 eij,
1208 2018 1211 2025 ’
1322 2009 1380 2084 285

250 2090 464 2175 Quocunque
482 2092 617 2160 accidit:
645 2091 680 2160 id
701 2091 777 2161 lieet
795 2088 874 2159 hinc
896 2084 1089 2175 cognoscere
1105 2082 1230 2173 possis,

252 2178 356 2264 Qubd
378 2175 474 2248 simul
496 2203 534 2248 ac
552 2181 695 2265 primirnr
717 2181 823 2250 nubes
846 2176 1015 2249 succedere
1037 2175 1106 2248 Soli

250 2268 408 2354 Coepem,
436 2269 596 2338 &radios
616 2271 701 2339 inter
723 2266 814 2356 quasi
836 2291 990 2354 rumpere
1008 2267 1112 2351 lucis,

217 2432 219 2436 ,
248 2357 425 2445 Extemplo
447 2355 581 2427 inferior
596 2382 668 2444 pars
685 2357 806 2429 horum
825 2354 958 2443 disperit
977 2355 1108 2433 onmis3

248 2448 418 2534 Terraque
441 2448 675 2531 inumbratur,
701 2472 764 2534 qua
784 2446 891 2518 nimbi
912 2468 1041 2532 eurique
1063 2441 1239 2536 feruntur,
1320 2464 1381 2533 290

249 2537 297 2608 Ut
318 2535 432 2607 noscas
454 2536 623 2624 splendore
644 2561 733 2607 novo
754 2562 805 2608 res
822 2534 949 2623 semper
973 2558 1090 2624 egere,

247 2627 290 2697 Et
316 2627 461 2711 primum
485 2628 607 2715 jadlum
626 2624 762 2712 fulgoris
781 2649 944 2713 quemque
964 2625 1088 2711 periret

247 2715 320 2788 Nec
344 2716 471 2784 ratione
493 2716 554 2783 clia
577 2739 627 2784 res
648 2712 733 2801 posse
754 2717 790 2786 in
810 2713 875 2785 sole
894 2714 1021 2799 videri,

246 2804 411 2889 Perpetui)
431 2805 465 2871 ni
488 2801 669 2888 suppeditet
692 2805 771 2875 lucis
795 2822 891 2891 caput
909 2800 1025 2890 ipsum.
1111 2857 1122 2895 s

292 2893 386 2977 Qrin
402 2893 500 2963 etiam
525 2896 686 2962 nocturna
705 2894 788 2979 tibi,
814 2891 972 2964 terrestria
992 2887 1189 2979 quaesunt,
1317 2904 1377 2981 295

247 2981 412 3065 Lumina,
438 2981 617 3068 pendentes
640 2980 790 3070 Lychni‚
816 2984 972 3067 claraeque
995 2977 1134 3052 coruscis

245 3069 467 3158 Fulgur'ibus,
495 3072 631 3159 pingues
657 3073 761 3142 multa
780 3072 917 3157 caligine
942 3072 1063 3157 Tedae,

246 3158 420 3232 Consimili
440 3178 614 3248 properant
634 3162 779 3241 ratione,
805 3160 921 3230 ardore
943 3158 1117 3240 ministro,

246 3251 457 3336 Suppeditare
485 3274 611 3321 novum
630 3251 765 3337 lumen,
790 3267 930 3319 tremere
950 3248 1085 3335 ignibus
1104 3246 1229 3320 instant
1236 3276 1248 3331 3

244 3340 391 3425 Instant,
416 3365 478 3410 nec
497 3341 567 3409 loca
590 3339 650 3410 lux
670 3341 756 3410 inter
776 3336 864 3426 quasi
895 3358 991 3424 rupta
1011 3338 1193 3423 relinquit:
1322 3359 1375 3429 300

244 3425 438 3512 Usquerrdeo
460 3447 671 3516 properanter
692 3428 733 3499 ab
753 3427 910 3500 omnibus
937 3426 1069 3519 ignibus
1088 3429 1161 3521 ejus

243 3516 392 3586 Exitium
412 3519 507 3588 celeri
529 3520 687 3590 toleratur
708 3520 835 3608 origine
854 3517 1005 3589 flammae.

1211 3652 1213 3657 -
1330 3579 1375 3680 se

278 3795 337 3846 272.
357 3778 462 3843 Agmine
479 3782 580 3848 dulci.)
606 3784 718 3853 Agmm',
745 3800 791 3853 pro
864 3792 924 3850 283.
944 3781 1075 3852 Irrigat.)
1095 3782 1223 3837 Sol‘enim
1234 3779 1374 3842 Faustini·

243 3850 315 3912 ablu,
338 3834 442 3903 &dulia
453 3852 561 3916 quodam
571 3868 667 3919 ponere
675 3872 728 3909 uon
735 3856 793 3909 ine-
825 3852 875 3906 nis.
899 3848 956 3905 vid.
965 3868 991 3904 v.
1005 3858 1062 3909 661.
1078 3852 1105 3907 ἃ
1117 3848 1162 3905 lib.
1174 3852 1222 3908 lV.
1231 3870 1258 3907 v.
1272 3866 1331 3921 375.

244 3917 331 3985 legans
344 3916 387 3970 est.
425 3915 462 3971 Ut
816 3979 819 3984 Α
859 3930 920 3984 287.
940 3919 1162 3989 SuccedereSeli.)
1180 3920 1230 3975 Vir
1249 3963 1255 3974 .
1271 3923 1371 3988 Gestt.

295 3987 356 4038 Leni
362 3987 423 4051 fluit
434 3986 535 4051 agmine
548 3988 637 4042 Tibris.
878 3990 931 4042 Aut
940 3987 1104 4059 relliquiae
1113 3992 1208 4057 coluber
1226 3939 1371 4053 succedere,

244 4053 411 4116 Macrobius,
432 4052 518 4106 Satur.
532 4053 577 4107 Vl.
589 4069 642 4123 cap.
654 4071 680 4121 4.
698 4102 702 4107 .
929 4056 964 4119 δέ
971 4060 1069 4113 umba.

278 4130 335 4177 εει.
357 4122 664 4194 Fruereomniaconstar.)
692 4124 793 4194 Supra,
828 4121 917 4189 Idem,
939 4124 984 4179 lib.
999 4124 1045 4180 1v.

243 4187 288 4243 lib.
298 4185 342 4241 IV.
878 4194 1059 4262 ”Atque
1066 4196 1114 4247 alto
1125 4191 1263 4250 succedere
1274 4196 1342 4250 eeu.
1400 4221 1403 4234 =

294 4257 442 4320 Necmora,
462 4246 793 4327 nicreqrqierinurdaeieul.
861 4274 921 4325 299.
948 4262 1059 4315 Tremere
1073 4261 1203 4332 ignibus.)
1240 4261 1374 4320 Tremuli·

339 4326 468 4389 laflumdr'.
649 4376 653 4394 ,
826 4329 912 4385 radies
921 4327 1046 4401 spargunt
1055 4330 1176 4401 Lychni,
1197 4333 1225 4388 &
1238 4332 1329 4390 Teon.
