3150 4967
242 451 314 528 180
635 437 680 518 T.
709 435 1017 520 LUCRETII

242 605 306 675 Vis
329 599 439 675 Animi
459 602 580 690 paritet
605 603 718 676 crescit
735 629 811 677 eum
832 629 969 693 corpore
987 603 1087 678 toto?

243 693 350 782 Qedd
371 690 394 763 sl
415 694 610 766 immortalis
629 692 736 776 soret,
762 699 795 766 ἃ
814 717 941 766 mutare
960 692 1079 767 soleret
1141 709 1145 714 ’

243 785 418 870 Corpora,
442 783 601 870 permistis
621 785 805 856 animantes
824 784 974 854 moribus
998 781 1117 856 efferte

243 866 414 960 Effugeret
432 871 530 942 Canis
556 875 714 960 Hyrcano
735 874 775 944 de
796 870 919 944 semine
935 869 1018 960 saepe

244 961 419 1049 Cornigeri
438 955 603 1032 incursum
623 962 744 1049 Cervi,
769 980 989 1049 tremeretque
1005 981 1174 1049 peratum

242 1051 339 1126 Aeris
359 1049 520 1137 Accipiter
539 1048 670 1138 fugiens
692 1051 848 1122 veniente
868 1050 1054 1122 Columba:

243 1137 437 1225 Defiperent
453 1140 637 1224 Homines,
661 1136 810 1226 saperent
828 1137 895 1210 sera
909 1136 1000 1211 saecla
1018 1139 1190 1212 Ferarum

290 1229 374 1300 Illud
396 1228 486 1297 enlm
505 1225 580 1299 falsa
599 1225 702 1300 fertur
719 1230 867 1315 ratione,
893 1227 984 1317 quod
1001 1229 1117 1313 aiunt,

242 1317 469 1390 Immortalem
489 1318 642 1388 Animam
660 1339 790 1388 mutato
811 1316 1078 1406 Corporelletlie

244 1406 349 1497 Qtod
374 1422 521 1476 mutatur
540 1408 629 1478 enim
641 1457 652 1492 ,
677 1404 879 1478 dilsolvitur:
904 1406 1022 1479 Interit
1038 1419 1144 1493 ergo·

242 1495 470 1584 Traiiciuntur
490 1495 579 1566 enim
600 1512 729 1583 partes,
754 1513 851 1584 atque
869 1496 985 1567 ordine
1004 1495 1160 1581 migrant.
1257 1531 1263 1546 ν

244 1588 357 1674 Quare
383 1581 510 1654 dilsolvi
531 1609 662 1672 quoque
682 1584 805 1656 debent
822 1581 907 1673 polse
924 1608 984 1673 per
1003 1601 1116 1668 arttts,

242 1676 398 1760 Denique
409 1693 449 1744 ut
467 1674 631 1746 intereant
652 1675 719 1744 uni
740 1697 818 1744 cum
839 1675 986 1762 Corpore
1007 1675 1147 1743 cunctae·

245 1767 305 1837 Sin
326 1764 462 1835 Animas
484 1764 663 1835 hominum
685 1764 796 1834 dicent
817 1762 854 1834 in
872 1764 1020 1849 Corpora
1036 1757 1167 1849 semper
1307 1765 1363 1850 yse

245 1855 296 1926 Ire
317 1851 482 1940 humana,
508 1872 618 1924 tanren
636 1874 781 1939 quaeram
801 1851 897 1923 cure
920 1848 1056 1940 sapienti

246 1944 352 2015 Stulta
372 1965 468 2029 queat
488 1941 581 2029 fieri,
607 1966 668 2012 nec
687 1941 830 2029 prudens
852 1938 894 2012 fit
910 1964 992 2029 puer
1015 1937 1132 2010 ullus?

245 2032 321 2103 Nec
338 2050 406 2102 tam
428 2032 544 2102 dotlus
567 2055 659 2117 equae
697 2032 806 2118 ullus,
853 2031 930 2101 uim
948 2028 1042 2100 sortis
1066 2026 1144 2116 equi
1161 2024 1247 2102 viss

246 2121 281 2191 Si
300 2144 370 2189 non
389 2141 475 2190 certa
493 2119 552 2191 suo
572 2122 649 2207 quia
667 2056 810 2206 sdmine,
832 2054 1038 2206 seminioque

244 2209 308 2280 Vis
329 2209 440 2279 Animi
459 2212 579 2296 pariter
599 2205 709 2280 crescit
730 2233 806 2280 eum
828 2209 976 2295 Corpore
996 2225 1080 2278 toto.
1311 2209 1365 2294 765

245 2297 373 2371 Scilicet
391 2299 427 2367 in
453 2315 566 2369 tenero
582 2296 778 2369 tenerascere
799 2299 945 2384 Corpore
962 2297 1116 2369 Mentem

246 2385 469 2476 Confugient3
494 2388 583 2476 quod
607 2384 632 2457 fi
657 2390 722 2474 jam
741 2385 780 2458 fit
792 2438 804 2473 ,
828 2384 947 2458 fateare
968 2379 1149 2468 necelse’st,

245 2478 423 2550 Mortalem
444 2474 503 2548 else
523 2477 702 2563 Animam,
727 2477 883 2564 quoniam
901 2491 1029 2546 mutata
1050 2494 1108 2560 per
1129 2487 1225 2545 arms

245 2568 433 2654 Tantopere
452 2566 575 2637 amittit
597 2566 726 2651 vitam,
751 2562 944 2653 sensumque
960 2565 1115 2653 priorem.
1322 2579 1325 2586 '

290 2658 413 2743 Qeove
426 2655 529 2726 modo
550 2655 671 2742 poterit
691 2655 810 2742 pariter
834 2678 911 2726 cum
931 2653 1078 2742 Corpore
1098 2673 1236 2739 quoque
1314 2669 1372 2738 ⁷7⁰

1291 2761 1375 2836 con·

278 2961 340 3014 747.
362 2950 460 3017 corpore
472 2948 552 3019 toto.)
569 2948 675 3004 Reeins
687 2947 733 3005 ille
748 2951 792 3020 qui
827 2967 853 3006 e.
862 2965 923 3018 755.
942 2950 1060 3005 Animum
1075 2957 1169 3003 errem
1180 2949 1283 3018 serpen
1289 2947 1373 3017 Mle

246 3016 311 3087 legit
323 3022 532 3088 vomeremque,
552 3029 582 3074 ut
592 3035 618 3073 v.
628 3026 699 3085 765,
720 3022 745 3073 dt
763 3036 790 3074 v.
828 3021 881 3101 Cur
892 3037 945 3073 non
958 3020 1076 3100 Alii,·ut
1092 3019 1146 3100 vim
1163 3026 1373 3085 argumentorum

244 3102 305 3155 77ο.
827 3096 971 3150 certarent,
990 3088 1375 3156 Ammzmmemrooorpme·

359 3155 444 3224 ,n
464 3154 558 3238 ,a
574 3173 663 3279 nt
676 3155 793 3279 nte>
825 3153 1375 3279 renarrantem-nt

245 3223 722 3362 s'dllelusedssrlAldldlsssdsdumen'tnm
734 3239 795 3348 istri:
827 3242 1142 3361 gldmrelitptaeeludere.

246 3362 414 3430 explicatum.
858 3373 920 3426 77ο.
938 3361 1102 3429 ,Quaeram
1111 3360 1215 3426 pererit,
1230 3353 1303 3428 See.)
1319 3353 1375 3412 Post

280 3437 340 3494 767.
364 3427 539 3498 Confugient.)
574 3430 615 3485 Al.
638 3432 683 3483 Cen
701 3425 792 3498 agenr]
826 3445 938 3497 pugnam
969 3426 1074 3483 summis
1103 3426 1203 3481 viribus
1231 3443 1329 3495 magna
1344 3439 1376 3480 ae

703 3536 712 3562 s

245 3496 386 3552 Lambinus
405 3501 465 3551 Non
535 3500 596 3561 Μ,
616 3500 673 3552 ide
740 3514 792 3551 non
828 3499 914 3551 Animi
924 3499 1068 3553 intentione
1086 3496 1280 3563 depugnatum,
1299 3497 1328 3550 At

245 3575 369 3634 potemur
380 3580 482 3633 negare.
546 3582 576 3618 oc
589 3567 657 3619 enlm
668 3565 794 3634 fignificat
826 3575 916 3634 gatos,
936 3568 976 3621 uti
983 3567 1119 3633 opinatur,
1141 3561 1318 3628 adversarios,
1336 3577 1377 3616 er·

246 3635 388 3698 bernerius,
408 3650 460 3687 non
478 3641 600 3701 poterunt
612 3651 705 3703 negare
722 3652 793 3689 meu·
827 3643 949 3703 gumenta
962 3633 1150 3703 quadamlevis
1162 3639 1376 3692 armaturam·

246 3702 362 3759 tenelle
381 3710 496 3756 teneram
514 3702 542 3753 in
559 3710 648 3757 tenero
664 3703 791 3771 Corpore,
827 3721 903 3772 quam
916 3705 1066 3771 adpraedam
1081 3701 1254 3771 colligendam
1269 3700 1373 3754 emittit.

245 3773 319 3827 verbi
336 3768 428 3834 caula,
455 3776 567 3824 mentem
585 3772 659 3837 pueri
680 3772 790 3836 bimuli,
827 3772 943 3827 Primum
959 3779 1063 3836 autem,
1083 3787 1109 3824 v.
1120 3783 1146 3835 7.
1173 3768 1375 3838 inquisitum·

246 3840 416 3902 auttrimuli‚
436 3853 488 3891 non
498 3846 621 3905 poterunt
637 3856 730 3908 negare
744 3838 793 3894 elle
829 3840 1042 3895 Aerimaadultnm
1051 3839 1088 3894 Co
1118 3839 1376 3905 uetamimpotenter

246 3916 360 3964 teneram
373 3911 399 3963 dt
414 3906 587 3961 imbecillam:
621 3909 695 3972 Quod
710 3907 731 3961 li
748 3926 794 3963 ve·
827 3910 969 3977 deperiret,
990 3908 1092 3962 &votis
1112 3906 1290 3961 uisentibus
1305 3913 1376 3974 opte-

246 3991 304 4030 rum
312 3975 360 4040 fit,
380 3986 491 4030 mentem
501 3975 575 4029 mode
585 3976 712 4031 robustam
719 3978 747 4030 in
754 3985 792 4031 te·
827 3979 888 4033 ret?
906 3977 982 4033 Unde
992 3978 1069 4032 etiam
1077 3976 1191 4030 membra
1199 3975 1280 4029 Senio
1289 3971 1376 4028 conb-

245 4061 308 4098 nero
332 4045 444 4111 Corpore
472 4052 587 4100 teneram
609 4045 687 4112 fieri,
722 4045 793 4114 Ergb
827 4047 993 4114 defugeret,
1015 4046 1123 4100 &exire
1134 4043 1307 4113 properaret?
1324 4042 1378 4096 lne-

245 4113 360 4167 mortalis
370 4112 414 4167 est.
451 4111 679 4179 Ethaecluadeut,
698 4124 793 4168 utma-
827 4116 940 4169 mortalis
953 4116 1021 4169 enim
1030 4112 1076 4178 lit,
1097 4116 1122 4168 Aa
1136 4129 1273 4182 nunquam
1292 4109 1374 4168 teneri

245 4180 291 4234 lim
302 4184 360 4235 Non
372 4183 494 4250 fugient,
514 4181 588 4236 Ferri
606 4191 692 4237 tamen
710 4180 792 4251 petest
826 4181 946 4249 Corporis
956 4181 1168 4247 imbecillitatem,
1188 4179 1377 4237 autlenescen·

245 4251 410 4318 unfagram:
445 4248 512 4305 Clm
528 4252 598 4307 enim
617 4252 670 4306 mir
686 4251 789 4316 dicuat,
823 4250 856 4305 tie
870 4251 972 4304 ruinam
985 4257 1095 4305 metuet
