3150 4967
233 418 307 495 ess
588 405 634 485 r.
670 404 972 526 incursu

233 570 302 647 Effe
324 571 453 660 potest,
477 570 597 644 nostris
617 574 716 661 quiem
735 569 881 643 senfibus
902 568 961 643 elle
983 569 1126 642 videtur.

233 664 325 736 Nam
342 662 463 749 quibus
485 663 503 732 ὲ
521 659 630 749 spatiis
647 686 777 748 cunque
798 664 895 750 Ignes
913 662 1039 733 lumina
1058 656 1190 748 possunt

233 753 403 843 Adjicere,
430 754 462 823 &
486 752 629 823 calidum
648 751 807 822 membris
826 750 943 821 adflare
957 773 1138 839 vaporem,
1198 770 1201 777 ·

233 844 293 914 Illa
310 838 376 928 ipsa
396 842 564 911 intervalla
584 838 667 912 nihil
685 841 726 910 de
744 865 880 927 corpore
900 840 1016 910 limant

234 932 480 1016 uammarum,
504 928 609 1004 nihilo
629 931 670 1000 ad
690 926 867 1017 speciem‘st
889 929 1088 1000 contratlior
1104 925 1209 1088 Ilgnis.
1296 945 1344 1019 570
1384 993 1389 1000 .

234 1021 376 1094 Proinde
397 1022 484 1090 calor
502 1021 661 1107 quoniam
683 1021 794 1106 Solis,
820 1020 996 1106 lumenque
1014 1014 1111 1105 profu
1128 1040 1188 1089 um

235 1111 439 1183 Perveniunt
456 1108 585 1181 nostros
603 1108 645 1180 ad
665 1105 797 1196 sensus,
823 1109 944 1180 &loca
965 1108 1118 1195 tingunt:

235 1201 355 1272 Forma
372 1223 503 1286 quoque
525 1198 605 1270 hinc
621 1200 705 1272 Solis
725 1199 824 1271 debet
845 1195 1004 1285 filumque
1023 1195 1152 1281 videri,

235 1290 295 1361 Nil
316 1289 397 1358 adeo
418 1307 456 1358 ut
495 1285 571 1359 offis
590 1288 684 1375 plus,
709 1288 896 1359 autminus
919 1286 1037 1358 addere
1057 1286 1145 1357 vere.

280 1380 441 1463 Lunaque
460 1313 527 1447 live
548 1376 654 1448 notho
671 1370 774 1449 fertur
794 1378 863 1447 loen
891 1376 1016 1447 lumine
1036 1374 1202 1461 lustrans,
1299 1389 1345 1463 575
1380 1404 1392 1448 r

237 1467 313 1541 Sive
334 1463 426 1536 suam
443 1490 503 1552 pro
527 1468 576 1537 rio
587 1468 685 1556 jaun
708 1466 748 1537 de
763 1490 898 1552 corpore
917 1467 1046 1550 lucem,
1382 1495 1392 1504 ’·

238 1556 408 1643 Quicquid
428 1556 462 1625 id
481 1490 549 1642 eh,
574 1552 682 1627 nihili>
698 1553 801 1626 fertur
820 1556 944 1645 majore
963 1553 1090 1642 figura,
1200 1603 1204 1618 .

236 1647 372 1736 Qrelm,
399 1644 517 1716 nostris
541 1646 644 1717 oculis
665 1670 764 1733 quam
786 1646 971 1729 cernimus,
997 1640 1056 1714 elle
1076 1640 1221 1714 videtur.

236 1738 328 1809 Nam
349 1735 439 1821 priris
458 1735 591 1821 omniq,
617 1759 689 1822 quae
709 1735 765 1804 lon
790 1735 806 1804 ὲ
829 1753 990 1804 remmota
1009 1751 1166 1805 tuemur·

237 1828 322 1898 Aera
343 1848 401 1911 per
420 1827 564 1895 multum
585 1820 686 1912 specie
706 1760 839 1895 conlusa
861 1824 1036 1909 videntur,
1095 1869 1097 1874 ·

238 1917 352 1999 Qram
372 1915 549 1984 minimum
568 1911 683 1985 filum:
710 1931 905 2000 quapropter
926 1914 1019 1984 Luna
1037 1906 1221 1999 neeelle’ll,

238 2001 519 2089 Quandoquidem
540 2004 658 2073 claram
682 1999 843 2090 speciem,
868 2022 1053 2088 certamque
1073 1998 1217 2089 figuram

237 2090 386 2176 Praebet,
417 2110 453 2161 ut
473 2092 518 2161 est
538 2093 604 2162 oris
625 2094 779 2163 extremis
799 2116 927 2179 cunque
941 2109 1072 2175 notata,

239 2182 375 2267 Qaanta
393 2178 463 2248 haec
484 2206 611 2268 cunque
633 2178 725 2266 fuat,
750 2201 842 2252 tantu
864 2179 941 2251 hinc
961 2180 1113 2252 videatur
1127 2179 1163 2249 in
1187 2175 1267 2252 alto.

283 2266 475 2353 Postremi),
502 2267 711 2356 quoscunque
731 2271 823 2340 vides
843 2268 920 2340 hinc
936 2267 1067 2340 retheris
1084 2268 1220 2357 Igueis,
1305 2275 1355 2359 585
1392 2309 1394 2318 ι

240 2359 574 2447 (Qrandoquidem,
599 2356 809 2447 quoscunque
828 2359 975 2431 interris
996 2359 1168 2451 ceruimus¹
1183 2358 1300 2450 igneis.
1392 2360 1394 2398 ³

238 2451 332 2521 Dum
351 2466 474 2520 tremor
497 2448 543 2519 est
563 2450 687 2534 clarus,
713 2450 795 2520 dum
814 2450 956 2520 cernitur
974 2447 1071 2518 ardor
1090 2471 1231 2530 eorum,

239 2541 440 2628 Perparvum
460 2539 619 2627 quiddam
634 2537 802 2611 interdum
818 2558 946 2611 mutare
965 2536 1121 2609 videntur

1323 2664 1364 2741 n.

240 2884 318 2927 eurus
328 2867 477 2938 inEpistola
488 2872 519 2925 ad
529 2866 701 2940 Pythoclem,
721 2870 785 2926 Me-
820 2871 951 2927 Sidedbns
967 2867 1120 2937 subiungit,
1150 2887 1180 2926 ea
1207 2888 1262 2926 non
1290 2868 1362 2924 multi

236 2944 336 3010 preludo
346 2943 426 3004 Solu,
449 2942 483 3001 Εἴ
499 2944 643 3008 reliquorum
656 2943 782 3005 Siderum,
820 2943 1009 3008 minoraneque
1025 2938 1108 2993 multh
1126 2942 1228 3005 majora
1244 2940 1309 3004 elle,
1327 2935 1362 2992 vel

238 3014 299 3078 quod
319 3012 349 3062 ul
374 3029 414 3062 nos
431 3012 524 3077 quidem
538 3013 623 3062 attinet
642 3020 709 3063 tantu
731 3009 782 3075 cll,
821 3017 891 3063 tanta
903 3007 951 3063 effe
970 3017 1066 3077 quanta
1080 3008 1238 3073 videantur,
1249 3008 1363 3079 quiaille

238 3088 326 3149 quantu
337 3076 491 3147 &zepperem
510 3080 570 3145 quod
587 3080 618 3131 ud
635 3080 709 3146 ipsum
726 3077 785 3131 verd
821 3079 944 3133 varietate
954 3078 1110 3131 exhibentur
1123 3077 1241 3145 &Ignes
1252 3074 1297 3148 qui
1306 3075 1363 3145 aqud

238 3148 398 3215 rrmsper'let,
420 3144 548 3214 uutpaulld
561 3150 647 3212 major,
667 3150 783 3216 uurpaul·
821 3163 867 3199 nos
893 3164 924 3199 ex
948 3145 1086 3200 intervallo
1107 3146 1225 3201 interdiu
1245 3149 1364 3215 nolluque

239 3217 262 3273 lo*
273 3221 369 3281 minor,
389 3227 432 3269 uut
441 3217 535 3285 precis?
542 3225 626 3280 tanta,
644 3229 732 3283 quauta
743 3220 785 3267 vi·
820 3214 972 3281 [pellantur.
993 3214 1054 3268 Haec
1070 3212 1122 3281 lpse
1133 3215 1263 3284 Epicurus
1273 3219 1304 3271 ad
1321 3216 1364 3284 Py·

239 3290 330 3344 delur,
350 3285 397 3351 ell:
415 3297 443 3337 ut
463 3288 531 3339 Oculi
549 3294 591 3337 aut
601 3286 663 3337 nihil
679 3294 721 3337 uut
739 3304 784 3336 nun
819 3282 939 3339 thoclem.

213 3359 504 3408 ·2nutrun1mentiantur.
541 3354 613 3408 Idem
624 3351 708 3409 allerit
721 3354 785 3407 Poe·
856 3359 915 3419 569.
936 3349 1156 3420 Illaintervallu.)
1186 3354 1243 3407 Nil
1254 3347 1365 3417 Vesuuin-

240 3431 283 3485 ta,
304 3441 330 3477 v.
345 3439 384 3475 10.
405 3421 610 3491 argumentum}
626 3420 696 3477 sensu
713 3421 786 3476 defu·
820 3422 940 3485 teruallu,
962 3417 1089 3473 Gifanius.

240 3508 328 3543 mens:
349 3491 436 3544 Donec
451 3493 551 3545 Lumen
567 3492 692 3559 Calorque
708 3487 783 3559 Ignis
855 3503 913 3556 572.
933 3490 969 3543 Et
985 3492 1035 3541 loen
1052 3491 1182 3557 tingunt.)
1200 3488 1276 3557 Alli,
1297 3490 1365 3555 &lu-

239 3552 335 3611 dnobis
345 3556 504 3622 sentiantur,
525 3560 625 3614 dumah
642 3560 704 3629 Igne
715 3578 784 3615 rece·
821 3578 848 3612 ea
865 3560 975 3625 fulgent.
1011 3556 1047 3612 Et
1070 3556 1145 3612 versu
1167 3556 1305 3628 sequenti,
1327 3557 1367 3613 Fi·

239 3628 344 3689 dimus,
365 3628 436 3691 Ignis
449 3629 532 3681 nihilo
543 3629 696 3684 contrastior
708 3647 782 3696 appa·
818 3631 930 3693 lamque,
950 3625 1109 3682 Lambinus:
1128 3629 1182 3681 vid.
1196 3644 1223 3681 v.
1236 3638 1297 3695 581.
1311 3629 1366 3682 dun

238 3704 295 3758 ret,
318 3711 393 3761 qnam
403 3696 462 3747 dum
471 3696 549 3762 prope
558 3696 653 3763 furnus.
690 3696 784 3753 AtLu-
820 3692 898 3763 Vulg.
915 3697 1036 3749 Sublime:
1056 3694 1224 3761 &Gifqniuu
1246 3699 1364 3765 Illiusqun

239 3778 300 3818 rnen
311 3762 478 3830 caloremque
491 3765 557 3816 Solis
567 3763 708 3831 sentimus,
728 3764 783 3821 ideo
820 3765 846 3819 iu
871 3764 926 3830 est,
948 3764 1073 3832 Illincque.
1110 3764 1225 3819 Frustra.
1266 3769 1366 3826 Sublime
1392 3808 1396 3816 .

239 3835 326 3887 eadem
337 3827 372 3885 est
381 3826 452 3884 illius
469 3848 523 3898 qua
537 3843 641 3898 apparet
657 3837 785 3902 magnitu·
820 3843 907 3889 autem
919 3829 983 3889 ferri
993 3833 1089 3901 potest,
1109 3832 1169 3887 cum
1180 3831 1258 3890 versu
1268 3833 1367 3902 58410·

240 3903 279 3954 do,
318 3900 434 3962 Deinde,
454 3917 480 3951 v.
496 3915 535 3950 ιο.
557 3902 588 3954 de
606 3901 679 3955 Luna
695 3906 782 3968 addit,
820 3906 923 3972 gimus,
1238 3905 1241 3910 '

240 3985 287 4020 nos
301 3978 440 4022 extremam
449 3967 521 4020 illius
530 3984 610 4034 oram,
622 3987 651 4025 ac
662 3970 786 4026 summam
877 3972 956 4025 Tanta
969 3972 1024 4024 hine
1036 3971 1148 4024 videretur
1159 3973 1186 4023 in
1203 3974 1262 4027 alto.

240 4035 333 4090 faciem
349 4033 464 4088 distinete
479 4049 601 4091 cernere:
629 4049 656 4093 at
679 4040 785 4096 confuse
857 4049 915 4106 588.
936 4038 1041 4093 Mutare
1050 4040 1191 4105 videntur.)
1213 4037 1365 4104 Palmetlul.

239 4113 406 4166 cerneretur,
427 4103 446 4156 fi
471 4114 524 4159 tarn
543 4103 617 4175 longd
634 4108 736 4163 distaret
756 4120 787 4164 ut
821 4110 1040 4177 Mutenevidetur,
1059 4108 1086 4161 id
1096 4108 1150 4173 est,
1170 4111 1368 4165 muluriFilumt

239 4173 339 4241 aliquid
357 4172 429 4225 illius
446 4176 630 4242 magnitudinis
641 4175 787 4246 longinqui·
821 4178 877 4233 Hac
885 4173 1061 4238 observatione
1071 4178 1320 4245 potuinrumrett.

238 4242 473 4299 rutenensem.
510 4242 639 4309 nemum,
659 4262 685 4300 v.
698 4259 723 4311 7.
755 4247 786 4302 de
