<?xml version="1.0" encoding="UTF-8"?>
<!DOCTYPE html PUBLIC "-//W3C//DTD XHTML 1.0 Transitional//EN"
    "http://www.w3.org/TR/xhtml1/DTD/xhtml1-transitional.dtd">
<html xmlns="http://www.w3.org/1999/xhtml" xml:lang="en" lang="en">
 <head>
  <title>
</title>
<meta http-equiv="Content-Type" content="text/html;charset=utf-8" />
  <meta name='ocr-system' content='tesseract 3.04.00' />
  <meta name='ocr-capabilities' content='ocr_page ocr_carea ocr_par ocr_line ocrx_word'/>
</head>
<body>
  <div class='ocr_page' id='page_1' title='image "./missing/tlucretiicaride02carugoog/tlucretiicaride02carugoog_0266.png"; bbox 0 0 3150 4967; ppageno 0'>
   <div class='ocr_carea' id='block_1_1' title="bbox 232 398 1062 496">
    <p class='ocr_par' dir='ltr' id='par_1_1' title="bbox 177 373 1062 496">
     <span class='ocr_line' id='line_1_1' title="bbox 232 398 1062 496; baseline 0.005 -15.751"><span class='ocrx_word' id='word_1_1' title='bbox 232 410 309 496; x_wconf 81' lang='lat'>246</span> <span class='ocrx_word' id='word_1_2' title='bbox 546 445 553 456; x_wconf 78' lang='lat'><strong>·</strong></span> <span class='ocrx_word' id='word_1_3' title='bbox 609 400 655 482; x_wconf 86' lang='lat' dir='ltr'>r.</span> <span class='ocrx_word' id='word_1_4' title='bbox 690 398 1062 490; x_wconf 71' lang='lat' dir='ltr'>Lucanam--</span> 
     </span>
    </p>
   </div>
   <div class='ocr_carea' id='block_1_2' title="bbox 216 563 1416 2632">
    <p class='ocr_par' dir='ltr' id='par_1_2' title="bbox 234 563 1416 839">
     <span class='ocr_line' id='line_1_2' title="bbox 280 563 1314 673; baseline 0.006 -34"><span class='ocrx_word' id='word_1_5' title='bbox 280 565 413 639; x_wconf 82' lang='lat' dir='ltr'>Deinde</span> <span class='ocrx_word' id='word_1_6' title='bbox 433 565 545 673; x_wconf 83' lang='lat' dir='ltr'>cibum</span> <span class='ocrx_word' id='word_1_7' title='bbox 559 563 706 658; x_wconf 83' lang='lat' dir='ltr'>sequitur</span> <span class='ocrx_word' id='word_1_8' title='bbox 724 571 891 658; x_wconf 75' lang='lat' dir='ltr'>Somnus,</span> <span class='ocrx_word' id='word_1_9' title='bbox 915 570 992 661; x_wconf 89' lang='lat' dir='ltr'>quia</span> <span class='ocrx_word' id='word_1_10' title='bbox 1011 591 1086 660; x_wconf 77' lang='lat' dir='ltr'>quae</span> <span class='ocrx_word' id='word_1_11' title='bbox 1097 567 1187 650; x_wconf 76' lang='lat' dir='ltr'>facie</span> <span class='ocrx_word' id='word_1_12' title='bbox 1199 569 1292 660; x_wconf 53' lang='lat' dir='ltr'>Adri</span> <span class='ocrx_word' id='word_1_13' title='bbox 1309 615 1314 624; x_wconf 91' lang='lat'><strong>·</strong></span> 
     </span>
     <span class='ocr_line' id='line_1_3' title="bbox 234 656 1416 754; baseline 0.002 -23"><span class='ocrx_word' id='word_1_14' title='bbox 234 656 319 731; x_wconf 82' lang='lat' dir='ltr'>Haec</span> <span class='ocrx_word' id='word_1_15' title='bbox 343 657 457 728; x_wconf 82' lang='lat' dir='ltr'>eudem</span> <span class='ocrx_word' id='word_1_16' title='bbox 477 658 606 741; x_wconf 74' lang='lat' dir='ltr'>Cibus,</span> <span class='ocrx_word' id='word_1_17' title='bbox 630 660 668 732; x_wconf 89' lang='lat' dir='ltr'>in</span> <span class='ocrx_word' id='word_1_18' title='bbox 692 683 794 732; x_wconf 85' lang='lat' dir='ltr'>venas</span> <span class='ocrx_word' id='word_1_19' title='bbox 813 661 896 732; x_wconf 88' lang='lat' dir='ltr'>dum</span> <span class='ocrx_word' id='word_1_20' title='bbox 916 657 1040 734; x_wconf 75' lang='lat' dir='ltr'>didimr&#39;</span> <span class='ocrx_word' id='word_1_21' title='bbox 1058 661 1218 754; x_wconf 55' lang='lat' dir='ltr'>omneis}</span> <span class='ocrx_word' id='word_1_22' title='bbox 1331 675 1339 688; x_wconf 87' lang='grc'><em>“</em></span> <span class='ocrx_word' id='word_1_23' title='bbox 1412 691 1416 710; x_wconf 69' lang='lat'>2</span> 
     </span>
     <span class='ocr_line' id='line_1_4' title="bbox 234 742 1258 839; baseline 0.004 -20"><span class='ocrx_word' id='word_1_24' title='bbox 234 742 368 819; x_wconf 86' lang='lat' dir='ltr'>Efficit:</span> <span class='ocrx_word' id='word_1_25' title='bbox 395 748 550 819; x_wconf 80' lang='lat' dir='ltr'>&amp;multo</span> <span class='ocrx_word' id='word_1_26' title='bbox 571 750 615 822; x_wconf 91' lang='lat' dir='ltr'>So</span> <span class='ocrx_word' id='word_1_27' title='bbox 638 772 677 820; x_wconf 89' lang='lat' dir='ltr'>or</span> <span class='ocrx_word' id='word_1_28' title='bbox 697 749 753 820; x_wconf 93' lang='lat' dir='ltr'>ille</span> <span class='ocrx_word' id='word_1_29' title='bbox 776 746 986 839; x_wconf 83' lang='lat' dir='ltr'>graviffimus</span> <span class='ocrx_word' id='word_1_30' title='bbox 1004 747 1127 836; x_wconf 79' lang='lat' dir='ltr'>exstat,</span> <span class='ocrx_word' id='word_1_31' title='bbox 1246 761 1258 836; x_wconf 24' lang='lat'>&#39;-</span> 
     </span>
    </p>

    <p class='ocr_par' dir='ltr' id='par_1_3' title="bbox 234 831 1416 1108">
     <span class='ocr_line' id='line_1_5' title="bbox 236 831 1327 934; baseline 0.01 -29"><span class='ocrx_word' id='word_1_32' title='bbox 236 838 351 924; x_wconf 77' lang='lat' dir='ltr'>Qaem</span> <span class='ocrx_word' id='word_1_33' title='bbox 369 832 479 924; x_wconf 74' lang='lat' dir='ltr'>sanir,</span> <span class='ocrx_word' id='word_1_34' title='bbox 505 837 593 910; x_wconf 90' lang='lat' dir='ltr'>autl</span> <span class='ocrx_word' id='word_1_35' title='bbox 638 863 679 912; x_wconf 86' lang='lat' dir='ltr'>us</span> <span class='ocrx_word' id='word_1_36' title='bbox 700 839 829 928; x_wconf 88' lang='lat' dir='ltr'>capias,</span> <span class='ocrx_word' id='word_1_37' title='bbox 854 840 932 927; x_wconf 88' lang='lat' dir='ltr'>quia</span> <span class='ocrx_word' id='word_1_38' title='bbox 947 837 1090 928; x_wconf 82' lang='lat' dir='ltr'>piurima</span> <span class='ocrx_word' id='word_1_39' title='bbox 1105 831 1230 916; x_wconf 67' lang='lat' dir='ltr'>urmie</span> <span class='ocrx_word' id='word_1_40' title='bbox 1298 895 1327 934; x_wconf 42' lang='lat'>2.</span> 
     </span>
     <span class='ocr_line' id='line_1_6' title="bbox 237 925 1416 1022; baseline 0.003 -24"><span class='ocrx_word' id='word_1_41' title='bbox 237 928 388 1013; x_wconf 83' lang='lat' dir='ltr'>Corpora</span> <span class='ocrx_word' id='word_1_42' title='bbox 407 927 608 999; x_wconf 86' lang='lat' dir='ltr'>conturbant</span> <span class='ocrx_word' id='word_1_43' title='bbox 626 936 749 1016; x_wconf 75' lang='lat' dir='ltr'>magno</span> <span class='ocrx_word' id='word_1_44' title='bbox 769 925 906 1001; x_wconf 84' lang='lat' dir='ltr'>contuso</span> <span class='ocrx_word' id='word_1_45' title='bbox 928 928 1079 1022; x_wconf 81' lang='lat' dir='ltr'>labore..</span> <span class='ocrx_word' id='word_1_46' title='bbox 1306 937 1359 1018; x_wconf 78' lang='lat'>955</span> <span class='ocrx_word' id='word_1_47' title='bbox 1413 989 1416 1002; x_wconf 91' lang='lat'><em>.</em></span> 
     </span>
     <span class='ocr_line' id='line_1_7' title="bbox 234 1015 1184 1108; baseline 0.003 -19"><span class='ocrx_word' id='word_1_48' title='bbox 234 1015 291 1089; x_wconf 86' lang='lat' dir='ltr'>Fit</span> <span class='ocrx_word' id='word_1_49' title='bbox 307 1017 435 1087; x_wconf 88' lang='lat' dir='ltr'>ratione</span> <span class='ocrx_word' id='word_1_50' title='bbox 459 1016 573 1087; x_wconf 86' lang='lat' dir='ltr'>eadem</span> <span class='ocrx_word' id='word_1_51' title='bbox 591 1019 757 1108; x_wconf 79' lang='lat' dir='ltr'>conjectus</span> <span class='ocrx_word' id='word_1_52' title='bbox 777 1042 878 1107; x_wconf 87' lang='lat' dir='ltr'>porro</span> <span class='ocrx_word' id='word_1_53' title='bbox 903 1018 1036 1091; x_wconf 80' lang='lat' dir='ltr'>Anima&#39;r&#39;</span> <span class='ocrx_word' id='word_1_54' title='bbox 1179 1071 1184 1078; x_wconf 81' lang='lat'><em>·</em></span> 
     </span>
    </p>

    <p class='ocr_par' dir='ltr' id='par_1_4' title="bbox 216 1102 1119 1197">
     <span class='ocr_line' id='line_1_8' title="bbox 216 1102 1119 1197; baseline 0.001 -18"><span class='ocrx_word' id='word_1_55' title='bbox 216 1106 345 1179; x_wconf 76' lang='lat' dir='ltr'>&#39;Altior</span> <span class='ocrx_word' id='word_1_56' title='bbox 352 1156 364 1190; x_wconf 92' lang='lat'>,</span> <span class='ocrx_word' id='word_1_57' title='bbox 389 1127 487 1193; x_wconf 88' lang='lat' dir='ltr'>atque</span> <span class='ocrx_word' id='word_1_58' title='bbox 506 1102 593 1177; x_wconf 83' lang='lat' dir='ltr'>foras</span> <span class='ocrx_word' id='word_1_59' title='bbox 614 1106 735 1197; x_wconf 78' lang='lat' dir='ltr'>ejedtus</span> <span class='ocrx_word' id='word_1_60' title='bbox 754 1109 873 1196; x_wconf 82' lang='lat' dir='ltr'>largior</span> <span class='ocrx_word' id='word_1_61' title='bbox 900 1107 995 1195; x_wconf 83' lang='lat' dir='ltr'>ejus,</span> <span class='ocrx_word' id='word_1_62' title='bbox 1116 1117 1119 1122; x_wconf 84' lang='lat'>&#39;</span> 
     </span>
    </p>

    <p class='ocr_par' dir='ltr' id='par_1_5' title="bbox 235 1192 1416 1555">
     <span class='ocr_line' id='line_1_9' title="bbox 235 1192 1416 1286; baseline 0.003 -19"><span class='ocrx_word' id='word_1_63' title='bbox 235 1195 280 1267; x_wconf 90' lang='lat' dir='ltr'>Et</span> <span class='ocrx_word' id='word_1_64' title='bbox 304 1193 441 1266; x_wconf 78' lang='lat' dir='ltr'>divisior</span> <span class='ocrx_word' id='word_1_65' title='bbox 462 1198 549 1267; x_wconf 88' lang='lat' dir='ltr'>inter</span> <span class='ocrx_word' id='word_1_66' title='bbox 566 1192 598 1265; x_wconf 90' lang='lat' dir='ltr'>se</span> <span class='ocrx_word' id='word_1_67' title='bbox 646 1221 684 1268; x_wconf 89' lang='lat' dir='ltr'>ac</span> <span class='ocrx_word' id='word_1_68' title='bbox 704 1194 885 1269; x_wconf 72' lang='lat' dir='ltr'>distractior</span> <span class='ocrx_word' id='word_1_69' title='bbox 904 1197 1009 1270; x_wconf 78' lang='lat' dir='ltr'>intua.</span> <span class='ocrx_word' id='word_1_70' title='bbox 1108 1273 1116 1286; x_wconf 66' lang='lat'><em>,</em></span> <span class='ocrx_word' id='word_1_71' title='bbox 1310 1267 1317 1282; x_wconf 86' lang='grc'><em>,</em></span> <span class='ocrx_word' id='word_1_72' title='bbox 1414 1223 1416 1234; x_wconf 91' lang='grc'><em>·</em></span> 
     </span>
     <span class='ocr_line' id='line_1_10' title="bbox 251 1248 1416 1372; baseline 0.002 -16"><span class='ocrx_word' id='word_1_73' title='bbox 251 1286 324 1356; x_wconf 81' lang='lat' dir='ltr'>.Et</span> <span class='ocrx_word' id='word_1_74' title='bbox 344 1286 423 1371; x_wconf 91' lang='lat' dir='ltr'>quoi</span> <span class='ocrx_word' id='word_1_75' title='bbox 444 1281 578 1372; x_wconf 82' lang='lat' dir='ltr'>quisque</span> <span class='ocrx_word' id='word_1_76' title='bbox 596 1248 664 1356; x_wconf 59' lang='lat' dir='ltr'>dere</span> <span class='ocrx_word' id='word_1_77' title='bbox 683 1284 790 1357; x_wconf 87' lang='lat' dir='ltr'>[tudio</span> <span class='ocrx_word' id='word_1_78' title='bbox 816 1287 991 1359; x_wconf 71' lang='lat' dir='ltr'>devindtus</span> <span class='ocrx_word' id='word_1_79' title='bbox 1013 1281 1185 1372; x_wconf 81' lang='lat' dir='ltr'>adhaeret,</span> <span class='ocrx_word' id='word_1_80' title='bbox 1234 1335 1238 1340; x_wconf 96' lang='lat'>-</span> <span class='ocrx_word' id='word_1_81' title='bbox 1413 1297 1416 1303; x_wconf 81' lang='grc'>’</span> 
     </span>
     <span class='ocr_line' id='line_1_11' title="bbox 235 1372 1416 1464; baseline -0.005 -14"><span class='ocrx_word' id='word_1_82' title='bbox 235 1375 306 1450; x_wconf 81' lang='lat' dir='ltr'>Aut</span> <span class='ocrx_word' id='word_1_83' title='bbox 324 1374 445 1461; x_wconf 90' lang='lat' dir='ltr'>quibus</span> <span class='ocrx_word' id='word_1_84' title='bbox 465 1376 500 1445; x_wconf 92' lang='lat' dir='ltr'>in</span> <span class='ocrx_word' id='word_1_85' title='bbox 518 1375 617 1447; x_wconf 89' lang='lat' dir='ltr'>rebus</span> <span class='ocrx_word' id='word_1_86' title='bbox 637 1375 779 1446; x_wconf 77' lang='lat' dir='ltr'>multum</span> <span class='ocrx_word' id='word_1_87' title='bbox 798 1372 913 1448; x_wconf 78' lang='lat' dir='ltr'>sumus</span> <span class='ocrx_word' id='word_1_88' title='bbox 930 1375 1007 1448; x_wconf 72' lang='lat' dir='ltr'>unte</span> <span class='ocrx_word' id='word_1_89' title='bbox 1026 1373 1171 1462; x_wconf 85' lang='lat' dir='ltr'>morati,</span> <span class='ocrx_word' id='word_1_90' title='bbox 1203 1433 1206 1442; x_wconf 96' lang='lat'><em>.</em></span> <span class='ocrx_word' id='word_1_91' title='bbox 1266 1413 1271 1420; x_wconf 85' lang='lat'>·</span> <span class='ocrx_word' id='word_1_92' title='bbox 1307 1380 1366 1464; x_wconf 84' lang='lat'>960</span> <span class='ocrx_word' id='word_1_93' title='bbox 1414 1407 1416 1418; x_wconf 92' lang='lat'>·</span> 
     </span>
     <span class='ocr_line' id='line_1_12' title="bbox 235 1462 1311 1555; baseline 0 -19"><span class='ocrx_word' id='word_1_94' title='bbox 235 1466 345 1551; x_wconf 84' lang='lat' dir='ltr'>Atque</span> <span class='ocrx_word' id='word_1_95' title='bbox 364 1465 401 1535; x_wconf 89' lang='lat' dir='ltr'>in</span> <span class='ocrx_word' id='word_1_96' title='bbox 421 1469 492 1552; x_wconf 81' lang='lat' dir='ltr'>qua&#39;</span> <span class='ocrx_word' id='word_1_97' title='bbox 505 1465 631 1536; x_wconf 90' lang='lat' dir='ltr'>ratione</span> <span class='ocrx_word' id='word_1_98' title='bbox 648 1462 713 1536; x_wconf 87' lang='lat' dir='ltr'>fuit</span> <span class='ocrx_word' id='word_1_99' title='bbox 730 1482 884 1537; x_wconf 88' lang='lat' dir='ltr'>contenta</span> <span class='ocrx_word' id='word_1_100' title='bbox 908 1465 1012 1555; x_wconf 83' lang='lat' dir='ltr'>magis</span> <span class='ocrx_word' id='word_1_101' title='bbox 1030 1465 1153 1552; x_wconf 79' lang='lat' dir='ltr'>Meno,</span> <span class='ocrx_word' id='word_1_102' title='bbox 1209 1511 1213 1520; x_wconf 88' lang='lat'><em>·</em></span> <span class='ocrx_word' id='word_1_103' title='bbox 1307 1469 1311 1484; x_wconf 93' lang='lat'>&#39;</span> 
     </span>
    </p>

    <p class='ocr_par' dir='ltr' id='par_1_6' title="bbox 235 1553 1089 1642">
     <span class='ocr_line' id='line_1_13' title="bbox 235 1553 1089 1642; baseline -0.001 -15"><span class='ocrx_word' id='word_1_104' title='bbox 235 1555 278 1627; x_wconf 91' lang='lat' dir='ltr'>In</span> <span class='ocrx_word' id='word_1_105' title='bbox 299 1554 429 1626; x_wconf 86' lang='lat' dir='ltr'>Somnis</span> <span class='ocrx_word' id='word_1_106' title='bbox 451 1553 565 1624; x_wconf 83' lang='lat' dir='ltr'>eadem</span> <span class='ocrx_word' id='word_1_107' title='bbox 583 1556 777 1642; x_wconf 86' lang='lat' dir='ltr'>plerumque</span> <span class='ocrx_word' id='word_1_108' title='bbox 804 1555 958 1626; x_wconf 89' lang='lat' dir='ltr'>videmur</span> <span class='ocrx_word' id='word_1_109' title='bbox 978 1554 1089 1626; x_wconf 78' lang='lat' dir='ltr'>obire:</span> 
     </span>
    </p>

    <p class='ocr_par' dir='ltr' id='par_1_7' title="bbox 236 1638 1066 1734">
     <span class='ocr_line' id='line_1_14' title="bbox 236 1638 1066 1734; baseline -0.002 -18"><span class='ocrx_word' id='word_1_110' title='bbox 236 1641 400 1716; x_wconf 87' lang='lat' dir='ltr'>Caufidici</span> <span class='ocrx_word' id='word_1_111' title='bbox 418 1640 529 1715; x_wconf 79' lang='lat' dir='ltr'>causas</span> <span class='ocrx_word' id='word_1_112' title='bbox 549 1667 644 1732; x_wconf 86' lang='lat' dir='ltr'>agere</span> <span class='ocrx_word' id='word_1_113' title='bbox 655 1694 667 1731; x_wconf 85' lang='lat'>‚</span> <span class='ocrx_word' id='word_1_114' title='bbox 693 1647 725 1732; x_wconf 63' lang='grc' dir='ltr'>ὃς</span> <span class='ocrx_word' id='word_1_115' title='bbox 745 1638 941 1732; x_wconf 63' lang='lat' dir='ltr'>componete</span> <span class='ocrx_word' id='word_1_116' title='bbox 959 1643 1066 1734; x_wconf 71' lang='lat' dir='ltr'>legent</span> 
     </span>
    </p>

    <p class='ocr_par' dir='ltr' id='par_1_8' title="bbox 235 1733 1370 2002">
     <span class='ocr_line' id='line_1_15' title="bbox 235 1733 1331 1824; baseline -0.003 -17"><span class='ocrx_word' id='word_1_117' title='bbox 235 1734 488 1820; x_wconf 84' lang='lat' dir='ltr'>Induperatores</span> <span class='ocrx_word' id='word_1_118' title='bbox 507 1758 674 1824; x_wconf 83' lang='lat' dir='ltr'>pugnare,</span> <span class='ocrx_word' id='word_1_119' title='bbox 701 1758 739 1805; x_wconf 89' lang='lat' dir='ltr'>ac</span> <span class='ocrx_word' id='word_1_120' title='bbox 752 1734 868 1822; x_wconf 85' lang='lat' dir='ltr'>proelia</span> <span class='ocrx_word' id='word_1_121' title='bbox 886 1733 1001 1805; x_wconf 81' lang='lat' dir='ltr'>obire:</span> <span class='ocrx_word' id='word_1_122' title='bbox 1109 1749 1119 1808; x_wconf 76' lang='lat' dir='ltr'><em>j</em></span> <span class='ocrx_word' id='word_1_123' title='bbox 1302 1789 1331 1816; x_wconf 80' lang='grc'>,,</span> 
     </span>
     <span class='ocr_line' id='line_1_16' title="bbox 236 1820 1370 1908; baseline -0.005 -11"><span class='ocrx_word' id='word_1_124' title='bbox 236 1824 361 1897; x_wconf 87' lang='lat' dir='ltr'>Nautae</span> <span class='ocrx_word' id='word_1_125' title='bbox 380 1828 586 1895; x_wconf 62' lang='lat' dir='ltr'>contraitum</span> <span class='ocrx_word' id='word_1_126' title='bbox 607 1847 684 1901; x_wconf 92' lang='lat' dir='ltr'>cum</span> <span class='ocrx_word' id='word_1_127' title='bbox 705 1823 815 1895; x_wconf 89' lang='lat' dir='ltr'>ventis</span> <span class='ocrx_word' id='word_1_128' title='bbox 837 1846 967 1895; x_wconf 87' lang='lat' dir='ltr'>cernere</span> <span class='ocrx_word' id='word_1_129' title='bbox 989 1820 1136 1894; x_wconf 79' lang='lat' dir='ltr'>bellurn:</span> <span class='ocrx_word' id='word_1_130' title='bbox 1268 1859 1274 1866; x_wconf 92' lang='lat'><strong>·</strong></span> <span class='ocrx_word' id='word_1_131' title='bbox 1309 1825 1370 1908; x_wconf 85' lang='lat'>965</span> 
     </span>
     <span class='ocr_line' id='line_1_17' title="bbox 237 1901 1211 2002; baseline -0.004 -16"><span class='ocrx_word' id='word_1_132' title='bbox 237 1913 314 1987; x_wconf 88' lang='lat' dir='ltr'>Nos</span> <span class='ocrx_word' id='word_1_133' title='bbox 332 1938 428 2002; x_wconf 82' lang='lat' dir='ltr'>agere</span> <span class='ocrx_word' id='word_1_134' title='bbox 449 1901 514 1986; x_wconf 80' lang='lat' dir='ltr'>hoc</span> <span class='ocrx_word' id='word_1_135' title='bbox 533 1934 645 1985; x_wconf 87' lang='lat' dir='ltr'>autem</span> <span class='ocrx_word' id='word_1_136' title='bbox 655 1964 667 2000; x_wconf 89' lang='lat'>,</span> <span class='ocrx_word' id='word_1_137' title='bbox 693 1918 725 1984; x_wconf 81' lang='lat' dir='ltr'>dr</span> <span class='ocrx_word' id='word_1_138' title='bbox 744 1913 910 1986; x_wconf 85' lang='lat' dir='ltr'>Naturam</span> <span class='ocrx_word' id='word_1_139' title='bbox 930 1934 1074 1999; x_wconf 82' lang='lat' dir='ltr'>quaerere</span> <span class='ocrx_word' id='word_1_140' title='bbox 1093 1929 1211 1982; x_wconf 83' lang='lat' dir='ltr'>rerum</span> 
     </span>
    </p>

    <p class='ocr_par' dir='ltr' id='par_1_9' title="bbox 238 1999 1200 2091">
     <span class='ocr_line' id='line_1_18' title="bbox 238 1999 1200 2091; baseline -0.003 -16"><span class='ocrx_word' id='word_1_141' title='bbox 238 2004 395 2089; x_wconf 84' lang='lat' dir='ltr'>Semper,</span> <span class='ocrx_word' id='word_1_142' title='bbox 422 2006 455 2073; x_wconf 90' lang='lat'>&amp;</span> <span class='ocrx_word' id='word_1_143' title='bbox 476 2005 649 2074; x_wconf 86' lang='lat' dir='ltr'>inventam</span> <span class='ocrx_word' id='word_1_144' title='bbox 669 2003 782 2091; x_wconf 86' lang='lat' dir='ltr'>patriis</span> <span class='ocrx_word' id='word_1_145' title='bbox 804 2025 968 2091; x_wconf 84' lang='lat' dir='ltr'>exponere</span> <span class='ocrx_word' id='word_1_146' title='bbox 990 1999 1120 2076; x_wconf 81' lang='lat' dir='ltr'>chartis.</span> <span class='ocrx_word' id='word_1_147' title='bbox 1158 2075 1161 2080; x_wconf 76' lang='grc'><em>,</em></span> <span class='ocrx_word' id='word_1_148' title='bbox 1195 2056 1200 2062; x_wconf 90' lang='grc'>.</span> 
     </span>
    </p>

    <p class='ocr_par' dir='ltr' id='par_1_10' title="bbox 238 2090 1198 2186">
     <span class='ocr_line' id='line_1_19' title="bbox 238 2090 1198 2186; baseline 0 -25"><span class='ocrx_word' id='word_1_149' title='bbox 238 2093 366 2163; x_wconf 83' lang='lat' dir='ltr'>Caetera</span> <span class='ocrx_word' id='word_1_150' title='bbox 384 2090 429 2163; x_wconf 85' lang='lat' dir='ltr'>fic</span> <span class='ocrx_word' id='word_1_151' title='bbox 442 2091 569 2179; x_wconf 87' lang='lat' dir='ltr'>studia,</span> <span class='ocrx_word' id='word_1_152' title='bbox 596 2109 695 2179; x_wconf 89' lang='lat' dir='ltr'>atque</span> <span class='ocrx_word' id='word_1_153' title='bbox 714 2110 798 2164; x_wconf 86' lang='lat' dir='ltr'>artes</span> <span class='ocrx_word' id='word_1_154' title='bbox 823 2094 1017 2186; x_wconf 81' lang='lat' dir='ltr'>plerumque</span> <span class='ocrx_word' id='word_1_155' title='bbox 1039 2090 1198 2178; x_wconf 83' lang='lat' dir='ltr'>videntur</span> 
     </span>
    </p>

    <p class='ocr_par' dir='ltr' id='par_1_11' title="bbox 237 2178 1346 2260">
     <span class='ocr_line' id='line_1_20' title="bbox 237 2178 1346 2260; baseline -0.005 -7"><span class='ocrx_word' id='word_1_156' title='bbox 237 2182 280 2254; x_wconf 88' lang='lat' dir='ltr'>In</span> <span class='ocrx_word' id='word_1_157' title='bbox 300 2184 432 2253; x_wconf 80' lang='lat' dir='ltr'>Sournis</span> <span class='ocrx_word' id='word_1_158' title='bbox 450 2184 591 2254; x_wconf 86' lang='lat' dir='ltr'>Animos</span> <span class='ocrx_word' id='word_1_159' title='bbox 613 2180 804 2255; x_wconf 87' lang='lat' dir='ltr'>Hominum</span> <span class='ocrx_word' id='word_1_160' title='bbox 824 2178 976 2253; x_wconf 88' lang='lat' dir='ltr'>frustrata</span> <span class='ocrx_word' id='word_1_161' title='bbox 995 2195 1119 2252; x_wconf 89' lang='lat' dir='ltr'>tenere.</span> <span class='ocrx_word' id='word_1_162' title='bbox 1298 2253 1303 2260; x_wconf 67' lang='grc'><strong>,</strong></span> <span class='ocrx_word' id='word_1_163' title='bbox 1342 2235 1346 2242; x_wconf 91' lang='grc'><em>.</em></span> 
     </span>
    </p>

    <p class='ocr_par' dir='ltr' id='par_1_12' title="bbox 239 2269 1376 2448">
     <span class='ocr_line' id='line_1_21' title="bbox 242 2269 1376 2359; baseline -0.005 -16"><span class='ocrx_word' id='word_1_164' title='bbox 242 2302 246 2310; x_wconf 65' lang='grc'><em>’</em></span> <span class='ocrx_word' id='word_1_165' title='bbox 284 2272 349 2358; x_wconf 89' lang='lat' dir='ltr'>Et,</span> <span class='ocrx_word' id='word_1_166' title='bbox 375 2272 562 2359; x_wconf 84' lang='lat' dir='ltr'>quicunque</span> <span class='ocrx_word' id='word_1_167' title='bbox 584 2271 653 2342; x_wconf 85' lang='lat' dir='ltr'>dies</span> <span class='ocrx_word' id='word_1_168' title='bbox 677 2272 802 2342; x_wconf 87' lang='lat' dir='ltr'>multos</span> <span class='ocrx_word' id='word_1_169' title='bbox 821 2295 862 2341; x_wconf 89' lang='lat' dir='ltr'>ex</span> <span class='ocrx_word' id='word_1_170' title='bbox 882 2270 996 2341; x_wconf 79' lang='lat' dir='ltr'>ordine</span> <span class='ocrx_word' id='word_1_171' title='bbox 1017 2269 1105 2340; x_wconf 79' lang='lat' dir='ltr'>ludis</span> <span class='ocrx_word' id='word_1_172' title='bbox 1279 2341 1282 2348; x_wconf 71' lang='grc'><strong>,</strong></span> <span class='ocrx_word' id='word_1_173' title='bbox 1313 2285 1376 2356; x_wconf 80' lang='lat'>970</span> 
     </span>
     <span class='ocr_line' id='line_1_22' title="bbox 239 2358 1159 2448; baseline -0.005 -14"><span class='ocrx_word' id='word_1_174' title='bbox 239 2359 401 2435; x_wconf 80' lang='lat' dir='ltr'>Adfiduas</span> <span class='ocrx_word' id='word_1_175' title='bbox 421 2361 584 2435; x_wconf 84' lang='lat' dir='ltr'>dederunt</span> <span class='ocrx_word' id='word_1_176' title='bbox 608 2385 744 2448; x_wconf 83' lang='lat' dir='ltr'>operas,</span> <span class='ocrx_word' id='word_1_177' title='bbox 767 2361 962 2448; x_wconf 85' lang='lat' dir='ltr'>plerumque</span> <span class='ocrx_word' id='word_1_178' title='bbox 981 2358 1159 2446; x_wconf 84' lang='lat' dir='ltr'>videmus,</span> 
     </span>
    </p>

    <p class='ocr_par' dir='ltr' id='par_1_13' title="bbox 240 2435 1083 2546">
     <span class='ocr_line' id='line_1_23' title="bbox 240 2435 1083 2546; baseline -0.004 -24"><span class='ocrx_word' id='word_1_179' title='bbox 240 2455 360 2541; x_wconf 79' lang='lat' dir='ltr'>Qrom</span> <span class='ocrx_word' id='word_1_180' title='bbox 381 2453 447 2540; x_wconf 80' lang='lat' dir='ltr'>jam</span> <span class='ocrx_word' id='word_1_181' title='bbox 471 2435 654 2523; x_wconf 75' lang='lat' dir='ltr'>destiterint</span> <span class='ocrx_word' id='word_1_182' title='bbox 673 2475 711 2521; x_wconf 92' lang='lat' dir='ltr'>ea</span> <span class='ocrx_word' id='word_1_183' title='bbox 735 2447 888 2546; x_wconf 85' lang='lat' dir='ltr'>Senfibus</span> <span class='ocrx_word' id='word_1_184' title='bbox 907 2445 1083 2536; x_wconf 85' lang='lat' dir='ltr'>usurpare,</span> 
     </span>
    </p>

    <p class='ocr_par' dir='ltr' id='par_1_14' title="bbox 240 2538 1089 2632">
     <span class='ocr_line' id='line_1_24' title="bbox 240 2538 1089 2632; baseline -0.007 -17"><span class='ocrx_word' id='word_1_185' title='bbox 240 2542 396 2632; x_wconf 70' lang='lat' dir='ltr'>Reliquas</span> <span class='ocrx_word' id='word_1_186' title='bbox 418 2562 531 2614; x_wconf 87' lang='lat' dir='ltr'>tomen</span> <span class='ocrx_word' id='word_1_187' title='bbox 548 2540 608 2613; x_wconf 83' lang='lat' dir='ltr'>effe</span> <span class='ocrx_word' id='word_1_188' title='bbox 625 2541 697 2613; x_wconf 84' lang='lat' dir='ltr'>vias</span> <span class='ocrx_word' id='word_1_189' title='bbox 716 2540 755 2612; x_wconf 91' lang='lat' dir='ltr'>in</span> <span class='ocrx_word' id='word_1_190' title='bbox 772 2542 893 2613; x_wconf 89' lang='lat' dir='ltr'>Mente·</span> <span class='ocrx_word' id='word_1_191' title='bbox 905 2538 1089 2629; x_wconf 84' lang='lat' dir='ltr'>potenteis,</span> 
     </span>
    </p>
   </div>
   <div class='ocr_carea' id='block_1_3' title="bbox 1306 2694 1380 2780">
    <p class='ocr_par' dir='ltr' id='par_1_15' title="bbox 1306 2694 1380 2780">
     <span class='ocr_line' id='line_1_25' title="bbox 1306 2694 1380 2780; baseline 0 0"><span class='ocrx_word' id='word_1_192' title='bbox 1306 2694 1380 2780; x_wconf 72' lang='lat' dir='ltr'>Qun</span> 
     </span>
    </p>
   </div>
   <div class='ocr_carea' id='block_1_4' title="bbox 171 2880 1392 4382">
    <p class='ocr_par' dir='ltr' id='par_1_16' title="bbox 171 2880 1383 3091">
     <span class='ocr_line' id='line_1_26' title="bbox 171 2880 1380 2954; baseline -0.007 -11"><span class='ocrx_word' id='word_1_193' title='bbox 171 2889 206 2948; x_wconf 61' lang='lat' dir='ltr'>“tr</span> <span class='ocrx_word' id='word_1_194' title='bbox 240 2888 349 2943; x_wconf 86' lang='lat' dir='ltr'>Dicitur</span> <span class='ocrx_word' id='word_1_195' title='bbox 360 2894 446 2941; x_wconf 81' lang='lat' dir='ltr'>autem</span> <span class='ocrx_word' id='word_1_196' title='bbox 461 2886 556 2946; x_wconf 77' lang='lat' dir='ltr'>Tamo,</span> <span class='ocrx_word' id='word_1_197' title='bbox 576 2880 636 2939; x_wconf 76' lang='lat' dir='ltr'>eum</span> <span class='ocrx_word' id='word_1_198' title='bbox 648 2885 735 2941; x_wconf 85' lang='lat' dir='ltr'>labore</span> <span class='ocrx_word' id='word_1_199' title='bbox 747 2886 796 2941; x_wconf 86' lang='lat' dir='ltr'>viae</span> <span class='ocrx_word' id='word_1_200' title='bbox 824 2883 1016 2954; x_wconf 76' lang='lat' dir='ltr'>praeuoadsrnr,</span> <span class='ocrx_word' id='word_1_201' title='bbox 1037 2883 1063 2939; x_wconf 88' lang='lat' dir='ltr'>id</span> <span class='ocrx_word' id='word_1_202' title='bbox 1074 2880 1123 2948; x_wconf 78' lang='lat' dir='ltr'>tit,</span> <span class='ocrx_word' id='word_1_203' title='bbox 1143 2880 1258 2953; x_wconf 83' lang='lat' dir='ltr'>quiaisti</span> <span class='ocrx_word' id='word_1_204' title='bbox 1269 2885 1380 2954; x_wconf 64' lang='lat' dir='ltr'>mutue,</span> 
     </span>
     <span class='ocr_line' id='line_1_27' title="bbox 193 2951 1382 3023; baseline -0.004 -14"><span class='ocrx_word' id='word_1_205' title='bbox 193 2953 197 2960; x_wconf 80' lang='grc'><strong>“</strong></span> <span class='ocrx_word' id='word_1_206' title='bbox 240 2957 352 3021; x_wconf 82' lang='lat' dir='ltr'>Sanguis</span> <span class='ocrx_word' id='word_1_207' title='bbox 365 2958 392 3007; x_wconf 89' lang='lat' dir='ltr'>in</span> <span class='ocrx_word' id='word_1_208' title='bbox 403 2972 479 3008; x_wconf 81' lang='lat' dir='ltr'>crura</span> <span class='ocrx_word' id='word_1_209' title='bbox 496 2951 644 3019; x_wconf 86' lang='lat' dir='ltr'>descendit,</span> <span class='ocrx_word' id='word_1_210' title='bbox 666 2958 692 3011; x_wconf 71' lang='lat' dir='ltr'>u</span> <span class='ocrx_word' id='word_1_211' title='bbox 712 2964 796 3010; x_wconf 85' lang='lat' dir='ltr'>turno·</span> <span class='ocrx_word' id='word_1_212' title='bbox 826 2972 944 3023; x_wconf 87' lang='lat' dir='ltr'>perquos</span> <span class='ocrx_word' id='word_1_213' title='bbox 956 2955 1034 3009; x_wconf 77' lang='lat' dir='ltr'>toties</span> <span class='ocrx_word' id='word_1_214' title='bbox 1053 2952 1187 3008; x_wconf 65' lang='lat' dir='ltr'>iuuerunt</span> <span class='ocrx_word' id='word_1_215' title='bbox 1198 2951 1382 3012; x_wconf 71' lang='lat' dir='ltr'>simulachra.</span> 
     </span>
     <span class='ocr_line' id='line_1_28' title="bbox 192 3020 1383 3091; baseline -0.002 -15"><span class='ocrx_word' id='word_1_216' title='bbox 192 3037 210 3044; x_wconf 85' lang='lat'>··</span> <span class='ocrx_word' id='word_1_217' title='bbox 239 3040 294 3076; x_wconf 86' lang='lat' dir='ltr'>rem</span> <span class='ocrx_word' id='word_1_218' title='bbox 314 3022 396 3078; x_wconf 86' lang='lat' dir='ltr'>facit:</span> <span class='ocrx_word' id='word_1_219' title='bbox 430 3022 529 3076; x_wconf 83' lang='lat' dir='ltr'>Festus.</span> <span class='ocrx_word' id='word_1_220' title='bbox 568 3023 715 3078; x_wconf 52' lang='lat' dir='ltr'>Leni-tinum</span> <span class='ocrx_word' id='word_1_221' title='bbox 732 3024 796 3078; x_wconf 79' lang='lat' dir='ltr'>vero</span> <span class='ocrx_word' id='word_1_222' title='bbox 826 3032 931 3091; x_wconf 81' lang='lat' dir='ltr'>patent3</span> <span class='ocrx_word' id='word_1_223' title='bbox 948 3020 1089 3078; x_wconf 79' lang='lat' dir='ltr'>&amp;facilius</span> <span class='ocrx_word' id='word_1_224' title='bbox 1099 3022 1245 3075; x_wconf 84' lang='lat' dir='ltr'>admittunt</span> <span class='ocrx_word' id='word_1_225' title='bbox 1330 3021 1383 3074; x_wconf 74' lang='lat' dir='ltr'>‘ee</span> 
     </span>
    </p>

    <p class='ocr_par' dir='ltr' id='par_1_17' title="bbox 198 3087 1392 4189">
     <span class='ocr_line' id='line_1_29' title="bbox 239 3087 1383 3161; baseline -0.003 -16"><span class='ocrx_word' id='word_1_226' title='bbox 239 3090 349 3158; x_wconf 80' lang='lat' dir='ltr'>sequor,</span> <span class='ocrx_word' id='word_1_227' title='bbox 369 3093 414 3161; x_wconf 92' lang='lat' dir='ltr'>qui</span> <span class='ocrx_word' id='word_1_228' title='bbox 426 3091 491 3159; x_wconf 86' lang='lat' dir='ltr'>legit</span> <span class='ocrx_word' id='word_1_229' title='bbox 503 3094 677 3159; x_wconf 65' lang='lat' dir='ltr'>proaemium,</span> <span class='ocrx_word' id='word_1_230' title='bbox 702 3095 728 3147; x_wconf 78' lang='lat' dir='ltr'>dr</span> <span class='ocrx_word' id='word_1_231' title='bbox 739 3110 797 3146; x_wconf 89' lang='lat' dir='ltr'>ver·</span> <span class='ocrx_word' id='word_1_232' title='bbox 826 3110 881 3161; x_wconf 89' lang='lat' dir='ltr'>quae</span> <span class='ocrx_word' id='word_1_233' title='bbox 891 3093 922 3145; x_wconf 83' lang='lat' dir='ltr'>ad</span> <span class='ocrx_word' id='word_1_234' title='bbox 940 3091 987 3145; x_wconf 85' lang='lat' dir='ltr'>ista</span> <span class='ocrx_word' id='word_1_235' title='bbox 998 3091 1107 3153; x_wconf 84' lang='lat' dir='ltr'>Studia,</span> <span class='ocrx_word' id='word_1_236' title='bbox 1127 3087 1205 3158; x_wconf 69' lang='lat' dir='ltr'>quim</span> <span class='ocrx_word' id='word_1_237' title='bbox 1218 3105 1307 3158; x_wconf 71' lang='lat' dir='ltr'>quaa</span> <span class='ocrx_word' id='word_1_238' title='bbox 1344 3103 1383 3142; x_wconf 78' lang='lat' dir='ltr'>rec</span> 
     </span>
     <span class='ocr_line' id='line_1_30' title="bbox 239 3155 1385 3229; baseline -0.003 -15"><span class='ocrx_word' id='word_1_239' title='bbox 239 3159 295 3214; x_wconf 79' lang='lat' dir='ltr'>sum</span> <span class='ocrx_word' id='word_1_240' title='bbox 306 3162 390 3229; x_wconf 68' lang='lat' dir='ltr'>sape,</span> <span class='ocrx_word' id='word_1_241' title='bbox 405 3163 456 3215; x_wconf 79' lang='lat' dir='ltr'>dre.</span> <span class='ocrx_word' id='word_1_242' title='bbox 478 3160 573 3225; x_wconf 85' lang='lat' dir='ltr'>rejicit.</span> <span class='ocrx_word' id='word_1_243' title='bbox 826 3161 888 3213; x_wconf 79' lang='lat' dir='ltr'>aliae</span> <span class='ocrx_word' id='word_1_244' title='bbox 900 3162 1040 3228; x_wconf 87' lang='lat' dir='ltr'>pertinent.</span> <span class='ocrx_word' id='word_1_245' title='bbox 1078 3158 1115 3213; x_wconf 85' lang='lat' dir='ltr'>Et</span> <span class='ocrx_word' id='word_1_246' title='bbox 1136 3174 1190 3211; x_wconf 90' lang='lat' dir='ltr'>non</span> <span class='ocrx_word' id='word_1_247' title='bbox 1206 3155 1316 3213; x_wconf 71' lang='lat' dir='ltr'>mutum</span> <span class='ocrx_word' id='word_1_248' title='bbox 1331 3155 1385 3210; x_wconf 83' lang='lat' dir='ltr'>Ho-</span> 
     </span>
     <span class='ocr_line' id='line_1_31' title="bbox 273 3225 1385 3299; baseline -0.003 -17"><span class='ocrx_word' id='word_1_249' title='bbox 273 3244 335 3295; x_wconf 84' lang='lat'>954.</span> <span class='ocrx_word' id='word_1_250' title='bbox 354 3232 549 3299; x_wconf 69' lang='lat' dir='ltr'>Qviaplzm‘ma,</span> <span class='ocrx_word' id='word_1_251' title='bbox 564 3229 633 3297; x_wconf 75' lang='lat' dir='ltr'>dre.)</span> <span class='ocrx_word' id='word_1_252' title='bbox 649 3228 806 3284; x_wconf 50' lang='lat' dir='ltr'>DeSomno*</span> <span class='ocrx_word' id='word_1_253' title='bbox 826 3232 926 3283; x_wconf 83' lang='lat' dir='ltr'>minum</span> <span class='ocrx_word' id='word_1_254' title='bbox 956 3227 999 3282; x_wconf 85' lang='lat' dir='ltr'>sed</span> <span class='ocrx_word' id='word_1_255' title='bbox 1015 3227 1127 3282; x_wconf 77' lang='lat' dir='ltr'>aliorum</span> <span class='ocrx_word' id='word_1_256' title='bbox 1145 3225 1319 3282; x_wconf 80' lang='lat' dir='ltr'>&#39;Animaliurn</span> <span class='ocrx_word' id='word_1_257' title='bbox 1341 3225 1385 3279; x_wconf 80' lang='lat' dir='ltr'>In·</span> 
     </span>
     <span class='ocr_line' id='line_1_32' title="bbox 240 3293 1383 3367; baseline 0 -17"><span class='ocrx_word' id='word_1_258' title='bbox 240 3298 320 3352; x_wconf 82' lang='lat' dir='ltr'>saturi</span> <span class='ocrx_word' id='word_1_259' title='bbox 337 3300 387 3363; x_wconf 85' lang='lat' dir='ltr'>jam</span> <span class='ocrx_word' id='word_1_260' title='bbox 400 3300 485 3353; x_wconf 71' lang='lat' dir='ltr'>adum</span> <span class='ocrx_word' id='word_1_261' title='bbox 497 3299 555 3364; x_wconf 86' lang='lat' dir='ltr'>est,</span> <span class='ocrx_word' id='word_1_262' title='bbox 574 3306 600 3353; x_wconf 87' lang='lat' dir='ltr'>at</span> <span class='ocrx_word' id='word_1_263' title='bbox 611 3306 721 3367; x_wconf 85' lang='lat' dir='ltr'>quatuor</span> <span class='ocrx_word' id='word_1_264' title='bbox 732 3298 795 3352; x_wconf 86' lang='lat' dir='ltr'>Ver·</span> <span class='ocrx_word' id='word_1_265' title='bbox 825 3297 923 3352; x_wconf 83' lang='lat' dir='ltr'>somnia</span> <span class='ocrx_word' id='word_1_266' title='bbox 941 3297 990 3352; x_wconf 91' lang='lat' dir='ltr'>hoe</span> <span class='ocrx_word' id='word_1_267' title='bbox 1020 3297 1095 3350; x_wconf 87' lang='lat' dir='ltr'>modo</span> <span class='ocrx_word' id='word_1_268' title='bbox 1120 3294 1248 3363; x_wconf 81' lang='lat' dir='ltr'>explicari</span> <span class='ocrx_word' id='word_1_269' title='bbox 1268 3293 1383 3363; x_wconf 71' lang='lat' dir='ltr'>potrum</span> 
     </span>
     <span class='ocr_line' id='line_1_33' title="bbox 198 3361 1385 3452; baseline -0.001 -33"><span class='ocrx_word' id='word_1_270' title='bbox 198 3375 201 3382; x_wconf 93' lang='grc'><strong>’</strong></span> <span class='ocrx_word' id='word_1_271' title='bbox 241 3364 300 3430; x_wconf 78' lang='lat' dir='ltr'>sus,</span> <span class='ocrx_word' id='word_1_272' title='bbox 325 3369 371 3448; x_wconf 76' lang='lat' dir='ltr'>qui</span> <span class='ocrx_word' id='word_1_273' title='bbox 380 3369 501 3434; x_wconf 82' lang='lat' dir='ltr'>deinceps</span> <span class='ocrx_word' id='word_1_274' title='bbox 510 3366 671 3448; x_wconf 76' lang='lat' dir='ltr'>sequuntur,</span> <span class='ocrx_word' id='word_1_275' title='bbox 691 3368 793 3431; x_wconf 84' lang='lat' dir='ltr'>docent,</span> <span class='ocrx_word' id='word_1_276' title='bbox 826 3367 886 3452; x_wconf 68' lang='lat' dir='ltr'>Alia</span> <span class='ocrx_word' id='word_1_277' title='bbox 909 3374 997 3446; x_wconf 82' lang='lat' dir='ltr'>autern</span> <span class='ocrx_word' id='word_1_278' title='bbox 1016 3361 1150 3447; x_wconf 78' lang='lat' dir='ltr'>Insomnia</span> <span class='ocrx_word' id='word_1_279' title='bbox 1174 3364 1259 3446; x_wconf 54' lang='lat' dir='ltr'>magio</span> <span class='ocrx_word' id='word_1_280' title='bbox 1283 3370 1385 3419; x_wconf 82' lang='lat' dir='ltr'>terrent</span> 
     </span>
     <span class='ocr_line' id='line_1_34' title="bbox 227 3432 1388 3581; baseline 0.006 -34"><span class='ocrx_word' id='word_1_281' title='bbox 227 3434 796 3581; x_wconf 60' lang='lat' dir='ltr'>.{rarioretrunzunuu</span> <span class='ocrx_word' id='word_1_282' title='bbox 826 3433 1094 3559; x_wconf 61' lang='lat' dir='ltr'>irruatur}</span> <span class='ocrx_word' id='word_1_283' title='bbox 1115 3432 1388 3564; x_wconf 62' lang='lat' dir='ltr'>oteramo</span> 
     </span>
     <span class='ocr_line' id='line_1_35' title="bbox 240 3567 1389 3639; baseline 0.003 -17"><span class='ocrx_word' id='word_1_284' title='bbox 240 3570 295 3637; x_wconf 84' lang='lat' dir='ltr'>ligr</span> <span class='ocrx_word' id='word_1_285' title='bbox 308 3571 390 3636; x_wconf 86' lang='lat' dir='ltr'>potest</span> <span class='ocrx_word' id='word_1_286' title='bbox 409 3572 472 3637; x_wconf 87' lang='lat' dir='ltr'>quid</span> <span class='ocrx_word' id='word_1_287' title='bbox 485 3572 570 3625; x_wconf 89' lang='lat' dir='ltr'>velint</span> <span class='ocrx_word' id='word_1_288' title='bbox 588 3590 665 3628; x_wconf 80' lang='lat' dir='ltr'>voces</span> <span class='ocrx_word' id='word_1_289' title='bbox 680 3575 797 3639; x_wconf 79' lang='lat' dir='ltr'>Magnus</span> <span class='ocrx_word' id='word_1_290' title='bbox 809 3597 815 3616; x_wconf 70' lang='lat'>⁴</span> <span class='ocrx_word' id='word_1_291' title='bbox 825 3571 940 3635; x_wconf 78' lang='lat' dir='ltr'>ceffant,</span> <span class='ocrx_word' id='word_1_292' title='bbox 970 3582 1081 3639; x_wconf 86' lang='lat' dir='ltr'>quorum</span> <span class='ocrx_word' id='word_1_293' title='bbox 1095 3568 1262 3624; x_wconf 80' lang='lat' dir='ltr'>simulachra</span> <span class='ocrx_word' id='word_1_294' title='bbox 1273 3567 1389 3626; x_wconf 66' lang='lat' dir='ltr'>oseni-</span> 
     </span>
     <span class='ocr_line' id='line_1_36' title="bbox 240 3619 1389 3709; baseline 0.004 -20"><span class='ocrx_word' id='word_1_295' title='bbox 240 3640 338 3701; x_wconf 72' lang='lat' dir='ltr'>Lpoor‚</span> <span class='ocrx_word' id='word_1_296' title='bbox 358 3655 384 3690; x_wconf 89' lang='lat' dir='ltr'>v.</span> <span class='ocrx_word' id='word_1_297' title='bbox 399 3653 457 3701; x_wconf 82' lang='lat'>955.</span> <span class='ocrx_word' id='word_1_298' title='bbox 479 3640 509 3691; x_wconf 90' lang='lat' dir='ltr'>ab</span> <span class='ocrx_word' id='word_1_299' title='bbox 529 3640 721 3708; x_wconf 82' lang='lat' dir='ltr'>Interpretibus</span> <span class='ocrx_word' id='word_1_300' title='bbox 732 3658 796 3695; x_wconf 86' lang='lat' dir='ltr'>non-</span> <span class='ocrx_word' id='word_1_301' title='bbox 809 3619 815 3658; x_wconf 63' lang='lat'>¹</span> <span class='ocrx_word' id='word_1_302' title='bbox 826 3642 903 3695; x_wconf 84' lang='lat' dir='ltr'>nibus</span> <span class='ocrx_word' id='word_1_303' title='bbox 914 3638 1008 3708; x_wconf 83' lang='lat' dir='ltr'>asperis</span> <span class='ocrx_word' id='word_1_304' title='bbox 1022 3639 1153 3706; x_wconf 70' lang='lat' dir='ltr'>compasta</span> <span class='ocrx_word' id='word_1_305' title='bbox 1171 3636 1255 3703; x_wconf 80' lang='lat' dir='ltr'>sunt,</span> <span class='ocrx_word' id='word_1_306' title='bbox 1276 3641 1306 3696; x_wconf 77' lang='lat' dir='ltr'>dt</span> <span class='ocrx_word' id='word_1_307' title='bbox 1321 3655 1389 3709; x_wconf 78' lang='lat' dir='ltr'>pun·</span> 
     </span>
     <span class='ocr_line' id='line_1_37' title="bbox 241 3673 1259 3782; baseline 0.003 -22"><span class='ocrx_word' id='word_1_308' title='bbox 241 3710 302 3761; x_wconf 86' lang='lat' dir='ltr'>dum</span> <span class='ocrx_word' id='word_1_309' title='bbox 314 3703 526 3779; x_wconf 80' lang='lat' dir='ltr'>satisexplicatae.</span> <span class='ocrx_word' id='word_1_310' title='bbox 808 3673 892 3782; x_wconf 62' lang='lat' dir='ltr'>iguut</span> <span class='ocrx_word' id='word_1_311' title='bbox 905 3707 1259 3775; x_wconf 76' lang='lat' dir='ltr'>mentesinquaeinctdune</span> 
     </span>
     <span class='ocr_line' id='line_1_38' title="bbox 274 3773 1391 3847; baseline 0.007 -22"><span class='ocrx_word' id='word_1_312' title='bbox 274 3788 327 3840; x_wconf 86' lang='lat'>959</span> <span class='ocrx_word' id='word_1_313' title='bbox 356 3775 455 3841; x_wconf 79' lang='lat' dir='ltr'>thuoi</span> <span class='ocrx_word' id='word_1_314' title='bbox 465 3776 576 3839; x_wconf 75' lang='lat' dir='ltr'>quisque,</span> <span class='ocrx_word' id='word_1_315' title='bbox 596 3778 647 3830; x_wconf 80' lang='lat' dir='ltr'>&amp;e</span> <span class='ocrx_word' id='word_1_316' title='bbox 662 3774 677 3843; x_wconf 89' lang='lat'>)</span> <span class='ocrx_word' id='word_1_317' title='bbox 693 3778 815 3844; x_wconf 78' lang='lat' dir='ltr'>Jamdet</span> <span class='ocrx_word' id='word_1_318' title='bbox 860 3786 921 3844; x_wconf 83' lang='lat'>963.</span> <span class='ocrx_word' id='word_1_319' title='bbox 945 3776 1188 3845; x_wconf 75' lang='lat' dir='ltr'>eompemreuges.)</span> <span class='ocrx_word' id='word_1_320' title='bbox 1216 3777 1289 3832; x_wconf 84' lang='lat' dir='ltr'>Sunt</span> <span class='ocrx_word' id='word_1_321' title='bbox 1298 3773 1391 3847; x_wconf 81' lang='lat' dir='ltr'>quile-</span> 
     </span>
     <span class='ocr_line' id='line_1_39' title="bbox 241 3839 1221 3916; baseline 0.002 -21"><span class='ocrx_word' id='word_1_322' title='bbox 241 3841 396 3901; x_wconf 75' lang='lat' dir='ltr'>Insomniis3</span> <span class='ocrx_word' id='word_1_323' title='bbox 434 3839 526 3895; x_wconf 75' lang='lat' dir='ltr'>Censet</span> <span class='ocrx_word' id='word_1_324' title='bbox 540 3850 626 3897; x_wconf 84' lang='lat' dir='ltr'>autern</span> <span class='ocrx_word' id='word_1_325' title='bbox 641 3845 791 3911; x_wconf 78' lang='lat' dir='ltr'>Epicurus,</span> <span class='ocrx_word' id='word_1_326' title='bbox 809 3839 912 3916; x_wconf 72' lang='lat' dir='ltr'>igunt,</span> <span class='ocrx_word' id='word_1_327' title='bbox 934 3847 1007 3900; x_wconf 77' lang='lat' dir='ltr'>Lites.</span> <span class='ocrx_word' id='word_1_328' title='bbox 1140 3852 1144 3860; x_wconf 92' lang='lat'><em>&#39;</em></span> <span class='ocrx_word' id='word_1_329' title='bbox 1218 3877 1221 3882; x_wconf 91' lang='lat'><em>·</em></span> 
     </span>
     <span class='ocr_line' id='line_1_40' title="bbox 240 3909 1392 3984; baseline 0.003 -20"><span class='ocrx_word' id='word_1_330' title='bbox 240 3918 272 3964; x_wconf 92' lang='lat' dir='ltr'>ut</span> <span class='ocrx_word' id='word_1_331' title='bbox 284 3910 359 3976; x_wconf 71' lang='lat' dir='ltr'>sopri</span> <span class='ocrx_word' id='word_1_332' title='bbox 369 3909 526 3962; x_wconf 80' lang='lat' dir='ltr'>declaratum</span> <span class='ocrx_word' id='word_1_333' title='bbox 541 3911 591 3974; x_wconf 80' lang='lat' dir='ltr'>est,</span> <span class='ocrx_word' id='word_1_334' title='bbox 617 3913 724 3967; x_wconf 81' lang='lat' dir='ltr'>Animos</span> <span class='ocrx_word' id='word_1_335' title='bbox 736 3913 815 3974; x_wconf 66' lang='lat' dir='ltr'>dot-f</span> <span class='ocrx_word' id='word_1_336' title='bbox 860 3922 920 3979; x_wconf 80' lang='lat'><em>965.</em></span> <span class='ocrx_word' id='word_1_337' title='bbox 945 3913 1327 3984; x_wconf 70' lang='lat' dir='ltr'>eontrariumeernerebeum.)</span> <span class='ocrx_word' id='word_1_338' title='bbox 1344 3913 1392 3968; x_wconf 77' lang='lat' dir='ltr'>Gi-</span> 
     </span>
     <span class='ocr_line' id='line_1_41' title="bbox 239 3977 1389 4057; baseline 0.01 -27"><span class='ocrx_word' id='word_1_339' title='bbox 239 3980 378 4057; x_wconf 78' lang='lat' dir='ltr'>orientium</span> <span class='ocrx_word' id='word_1_340' title='bbox 402 3977 518 4057; x_wconf 74' lang='lat' dir='ltr'>externis</span> <span class='ocrx_word' id='word_1_341' title='bbox 538 3982 561 4032; x_wconf 80' lang='lat' dir='ltr'>dr</span> <span class='ocrx_word' id='word_1_342' title='bbox 583 3982 733 4036; x_wconf 78' lang='lat' dir='ltr'>adventitiis</span> <span class='ocrx_word' id='word_1_343' title='bbox 755 3981 795 4038; x_wconf 82' lang='lat' dir='ltr'>si·</span> <span class='ocrx_word' id='word_1_344' title='bbox 810 3981 930 4048; x_wconf 71' lang='lat' dir='ltr'>fionius,</span> <span class='ocrx_word' id='word_1_345' title='bbox 961 3984 1053 4048; x_wconf 78' lang='lat' dir='ltr'>Degere</span> <span class='ocrx_word' id='word_1_346' title='bbox 1072 3983 1184 4036; x_wconf 78' lang='lat' dir='ltr'>bellum:</span> <span class='ocrx_word' id='word_1_347' title='bbox 1201 3982 1240 4038; x_wconf 82' lang='lat' dir='ltr'>nt</span> <span class='ocrx_word' id='word_1_348' title='bbox 1255 3981 1389 4050; x_wconf 71' lang='lat' dir='ltr'>Pleume,</span> 
     </span>
     <span class='ocr_line' id='line_1_42' title="bbox 240 4042 1165 4118; baseline 0.004 -18"><span class='ocrx_word' id='word_1_349' title='bbox 240 4042 513 4112; x_wconf 76' lang='lat' dir='ltr'>mulachrrspuisar13</span> <span class='ocrx_word' id='word_1_350' title='bbox 550 4046 613 4118; x_wconf 77' lang='lat' dir='ltr'>lude</span> <span class='ocrx_word' id='word_1_351' title='bbox 644 4047 793 4103; x_wconf 79' lang='lat' dir='ltr'>insomnia:</span> <span class='ocrx_word' id='word_1_352' title='bbox 810 4089 814 4096; x_wconf 83' lang='grc'><strong>-</strong></span> <span class='ocrx_word' id='word_1_353' title='bbox 829 4055 951 4105; x_wconf 79' lang='lat' dir='ltr'>Certamen</span> <span class='ocrx_word' id='word_1_354' title='bbox 964 4068 1064 4103; x_wconf 68' lang='lat' dir='ltr'>cunm.</span> <span class='ocrx_word' id='word_1_355' title='bbox 1161 4052 1165 4062; x_wconf 91' lang='lat'><strong><em>‘</em></strong></span> 
     </span>
     <span class='ocr_line' id='line_1_43' title="bbox 242 4111 1390 4189; baseline 0.008 -22"><span class='ocrx_word' id='word_1_356' title='bbox 242 4113 318 4177; x_wconf 70' lang='lat' dir='ltr'>Quod</span> <span class='ocrx_word' id='word_1_357' title='bbox 328 4112 388 4166; x_wconf 68' lang='lat' dir='ltr'>ueri</span> <span class='ocrx_word' id='word_1_358' title='bbox 400 4130 428 4165; x_wconf 84' lang='lat' dir='ltr'>ea</span> <span class='ocrx_word' id='word_1_359' title='bbox 437 4111 593 4167; x_wconf 68' lang='lat' dir='ltr'>somniamus</span> <span class='ocrx_word' id='word_1_360' title='bbox 610 4115 721 4170; x_wconf 68' lang='lat' dir='ltr'>maxime</span> <span class='ocrx_word' id='word_1_361' title='bbox 737 4115 816 4186; x_wconf 58' lang='lat' dir='ltr'>qui-t</span> <span class='ocrx_word' id='word_1_362' title='bbox 861 4134 920 4186; x_wconf 83' lang='lat'>973.</span> <span class='ocrx_word' id='word_1_363' title='bbox 942 4120 1059 4187; x_wconf 68' lang='lat' dir='ltr'>Reliquias</span> <span class='ocrx_word' id='word_1_364' title='bbox 1075 4116 1191 4189; x_wconf 81' lang='lat' dir='ltr'>tumen.)</span> <span class='ocrx_word' id='word_1_365' title='bbox 1234 4117 1287 4174; x_wconf 79' lang='lat' dir='ltr'>His</span> <span class='ocrx_word' id='word_1_366' title='bbox 1301 4119 1390 4176; x_wconf 76' lang='lat' dir='ltr'>verbis</span> 
     </span>
    </p>

    <p class='ocr_par' dir='ltr' id='par_1_18' title="bbox 171 4181 1390 4255">
     <span class='ocr_line' id='line_1_44' title="bbox 171 4181 1390 4255; baseline 0.008 -22"><span class='ocrx_word' id='word_1_367' title='bbox 171 4201 173 4208; x_wconf 95' lang='lat'>·</span> <span class='ocrx_word' id='word_1_368' title='bbox 242 4184 292 4237; x_wconf 83' lang='lat' dir='ltr'>bus</span> <span class='ocrx_word' id='word_1_369' title='bbox 312 4197 358 4249; x_wconf 83' lang='lat' dir='ltr'>prr</span> <span class='ocrx_word' id='word_1_370' title='bbox 380 4181 496 4246; x_wconf 81' lang='lat' dir='ltr'>uigiliam</span> <span class='ocrx_word' id='word_1_371' title='bbox 518 4181 627 4235; x_wconf 74' lang='lat' dir='ltr'>studiosi</span> <span class='ocrx_word' id='word_1_372' title='bbox 647 4186 796 4244; x_wconf 81' lang='lat' dir='ltr'>incubueri·</span> <span class='ocrx_word' id='word_1_373' title='bbox 825 4188 945 4243; x_wconf 85' lang='lat' dir='ltr'>voculam</span> <span class='ocrx_word' id='word_1_374' title='bbox 969 4188 1005 4242; x_wconf 80' lang='lat' dir='ltr'>At</span> <span class='ocrx_word' id='word_1_375' title='bbox 1023 4205 1075 4255; x_wconf 84' lang='lat' dir='ltr'>prae</span> <span class='ocrx_word' id='word_1_376' title='bbox 1094 4188 1152 4243; x_wconf 90' lang='lat' dir='ltr'>onit</span> <span class='ocrx_word' id='word_1_377' title='bbox 1172 4186 1320 4252; x_wconf 75' lang='lat' dir='ltr'>Giianiue,</span> <span class='ocrx_word' id='word_1_378' title='bbox 1347 4190 1390 4246; x_wconf 84' lang='lat' dir='ltr'>cui</span> 
     </span>
    </p>

    <p class='ocr_par' dir='ltr' id='par_1_19' title="bbox 201 4205 1337 4382">
     <span class='ocr_line' id='line_1_45' title="bbox 201 4205 1337 4382; baseline 0.013 -81"><span class='ocrx_word' id='word_1_379' title='bbox 201 4337 203 4342; x_wconf 18' lang='grc'>1</span> <span class='ocrx_word' id='word_1_380' title='bbox 241 4269 316 4316; x_wconf 84' lang='lat' dir='ltr'>mus,</span> <span class='ocrx_word' id='word_1_381' title='bbox 342 4247 402 4303; x_wconf 78' lang='lat' dir='ltr'>cum</span> <span class='ocrx_word' id='word_1_382' title='bbox 421 4264 498 4304; x_wconf 87' lang='lat' dir='ltr'>omne</span> <span class='ocrx_word' id='word_1_383' title='bbox 515 4266 598 4319; x_wconf 82' lang='lat' dir='ltr'>genus</span> <span class='ocrx_word' id='word_1_384' title='bbox 625 4253 794 4314; x_wconf 76' lang='lat' dir='ltr'>Srmutachm</span> <span class='ocrx_word' id='word_1_385' title='bbox 806 4258 915 4382; x_wconf 47' lang='lat' dir='ltr'>‘nullus</span> <span class='ocrx_word' id='word_1_386' title='bbox 923 4257 1011 4329; x_wconf 77' lang='lat' dir='ltr'>placet</span> <span class='ocrx_word' id='word_1_387' title='bbox 1023 4205 1115 4315; x_wconf 72' lang='lat' dir='ltr'>verda</span> <span class='ocrx_word' id='word_1_388' title='bbox 1124 4267 1144 4325; x_wconf 69' lang='grc'>,”</span> <span class='ocrx_word' id='word_1_389' title='bbox 1154 4254 1206 4314; x_wconf 76' lang='lat' dir='ltr'>nist</span> <span class='ocrx_word' id='word_1_390' title='bbox 1213 4254 1337 4316; x_wconf 68' lang='lat' dir='ltr'>videus.</span> 
     </span>
    </p>
   </div>
   <div class='ocr_carea' id='block_1_5' title="bbox 0 0 1591 4967">
    <p class='ocr_par' dir='ltr' id='par_1_20' title="bbox 0 0 1591 4967">
     <span class='ocr_line' id='line_1_46' title="bbox 0 0 1591 4967; baseline 0 0"><span class='ocrx_word' id='word_1_391' title='bbox 0 0 1591 4967; x_wconf 95' lang='lat' dir='ltr'> </span> 
     </span>
    </p>
   </div>
  </div>
 </body>
</html>
