3150 4967
425 385 614 565 rruuu
662 447 910 534 sexbur.

236 635 343 699 terea,
369 614 455 687 Solis
473 617 572 689 radiis
595 616 734 705 jaciatur
751 629 850 706 aqua'r'

236 728 270 790 r,
298 703 384 775 &in
405 706 470 777 luci
490 709 632 778 tremulo
654 704 785 780 rarescit
809 709 851 779 ab
871 707 971 782 aestu:

236 817 284 863 rea
303 791 344 864 fit
362 796 412 865 uti
432 819 506 881 quae
524 792 648 868 semina
666 822 798 887 cunque
819 796 918 870 habet
940 801 1048 888 ignit,

236 900 287 954 at:
313 882 401 970 quafi
420 880 502 972 saepe
522 887 653 974 gelum,
678 887 769 975 quod
792 887 940 961 continet
962 888 1067 979 inse,

236 974 618 1135 ralil'llillssl‘r
643 973 1005 1141 lldlsqleleblla
1032 1094 1051 1141 ε

236 1152 312 1241 jacit
335 1151 482 1224 flammas
504 1116 662 1240 concepto
681 1090 834 1243 plrotibus
853 1158 941 1246 igni:
1009 1093 1029 1159 p

236 1265 267 1310 re
286 1238 447 1311 consimili
467 1243 595 1313 ratione
616 1240 747 1316 accensa
765 1269 822 1331 per
839 1246 945 1319 undas

236 1346 303 1416 :et‚‚
318 1353 517 1418 quocunque
536 1352 652 1405 nutans
671 1334 851 1422 impellitur
869 1338 981 1408 auris:

236 1443 280 1489 rm
298 1421 374 1506 quia
391 1417 469 1492 sunt
486 1422 523 1492 in
545 1423 638 1509 Aqua
660 1425 823 1510 permulta
841 1428 973 1514 vaporis
994 1429 997 1440 '

236 1543 261 1594 ι,
287 1509 328 1579 de
344 1511 513 1598 Terraque
536 1509 695 1583 necesse'st
712 1511 864 1586 funditus
886 1513 953 1604 ipsa
989 1567 995 1580 .

236 1621 356 1687 orpora
376 1623 434 1686 per
452 1619 563 1671 totum
581 1598 775 1691 consurgere
795 1604 822 1675 F
822 1622 936 1676 cutem
947 1655 967 1692 ‚-

236 1690 270 1758 ul
290 1686 451 1775 exspirare
470 1686 585 1777 foras,
611 1692 765 1780 exireque
785 1692 821 1762 in
841 1717 958 1776 auras,

236 1801 280 1847 rm
302 1779 381 1849 viva
399 1796 531 1865 tamen,
556 1781 678 1851 calidus
693 1803 791 1868 queat
811 1800 848 1853 ut
870 1780 942 1854 fieri
957 1784 1058 1857 Fons.

239 1891 333 1953 erea,
358 1864 495 1956 dispersa
515 1866 602 1941 foras
623 1894 795 1959 erumpere
817 1874 906 1961 cogit

236 1980 251 2027 r
270 1958 398 2043 Aquam
415 1954 548 2044 subitb,
573 1956 765 2046 sursumque
786 1986 823 2032 ea
841 1961 1027 2035 conciliari:

236 2070 335 2134 genus
354 2046 439 2117 endo
457 2048 541 2118 mari
556 2044 653 2135 spirat
675 2049 787 2135 sone,
818 2051 920 2122 dulcis
938 2061 1038 2139 aquae·

236 2137 308 2217 uit,
334 2132 480 2208 &salsus
500 2138 623 2208 circum
645 2134 678 2208 se
700 2138 850 2211 dimovet
870 2140 984 2215 undae.

236 2226 285 2299 itis
304 2225 376 2296 aliis
396 2225 520 2312 praebet
542 2226 734 2315 regionibus
752 2252 867 2315 aequor

239 2337 289 2385 em
309 2331 531 2403 opportunam
552 2313 730 2389 fitierttibu’
751 2318 897 2405 Nautio,

236 2404 357 2478 dulceis
377 2406 464 2476 inter
487 2402 579 2476 salsas
599 2407 794 2479 intervomit
815 2407 931 2480 undas.
1073 2491 1076 2496 ,

236 2518 281 2567 :ur
300 2520 359 2586 per
379 2519 457 2567 eum
474 2493 608 2585 potsunt
629 2498 957 2586 erumpereFontem
968 2546 982 2583 ‚

236 2871 348 2941 Veiosque
370 2871 498 2942 relaxat.)
528 2870 655 2929 Giianius
689 2872 841 2929 incredibile
857 2872 961 2930 Semina
973 2873 1046 2943 Ignis
1065 2890 1112 2941 per
1130 2871 1242 2930 Fontem

236 2939 431 3005 oumhabebat‚
451 2942 510 2996 cum
529 2943 653 3009 hocloco,
690 2958 844 3010 erumpere,
864 2942 942 3011 quim
962 2942 1041 3011 Aquae
1055 2942 1138 2997 dulcis
1150 2944 1241 2998 Scato·

237 3027 249 3062 e
265 3010 376 3079 legebat.
395 3012 483 3065 Faber.
508 3010 653 3077 Horatius,
689 3012 800 3078 riginem
818 3027 863 3079 per
877 3014 991 3067 medium
1011 3012 1096 3065 Maris
1112 3011 1191 3073 oiim
1213 3014 1241 3068 δι

236 3077 280 3133 rist.
291 3092 314 3146 3.
688 3076 817 3146 iapiflime
836 3082 954 3135 videmus
973 3080 1059 3135 Tedae
1070 3090 1186 3136 recenter
1195 3098 1241 3136 ex-

236 3147 295 3215 uque
303 3151 384 3200 niuali
395 3148 518 3215 compede
528 3149 634 3203 vinum.
688 3149 781 3203 tintias
797 3150 918 3213 accendi,
949 3157 1085 3217 antequam
1107 3147 1189 3215 ipsum
1201 3151 1241 3217 ig·

236 3215 333 3283 'rigidus
347 3216 379 3280 esi
399 3220 471 3269 etium
482 3217 560 3281 Fons,
575 3217 649 3285 &c.)
688 3235 767 3284 nem,
795 3220 826 3271 ad
847 3234 923 3285 quem
941 3220 1128 3281 admouentur,
1148 3219 1242 3285 attige'.

236 3302 244 3337 ι
261 3284 369 3339 ostendit
381 3286 409 3338 in
425 3285 502 3352 Jovis
520 3286 654 3339 Ammonis
687 3288 749 3340 rint.

236 3352 260 3406 il
274 3354 424 3409 admirabile
440 3350 489 3409 eise
516 3363 561 3409 aut
587 3356 653 3407 divi·
723 3365 782 3417 890.
804 3353 872 3408 Enrio
883 3354 982 3420 mari.)
1000 3353 1040 3406 lta
1050 3367 1139 3405 omnes
1154 3352 1242 3407 edide-

238 3439 282 3486 ω,
310 3439 337 3476 v.
353 3438 395 3487 27.
432 3421 510 3487 Jovie
531 3422 652 3476 Dodonaei
687 3432 767 3487 runt,
799 3420 870 3491 quan
887 3419 961 3476 sanus
976 3420 1044 3475 foret
1063 3421 1108 3474 iste
1126 3418 1237 3489 versus,

252 3490 317 3556 Jovi
335 3491 432 3561 ubique
455 3489 582 3554 infestus,
614 3499 652 3545 at·
688 3508 772 3559 neque
786 3493 884 3545 medico
902 3499 1004 3557 egeret:
1026 3488 1085 3543 Atfi
1096 3491 1240 3546 EneoMo-

236 3558 260 3612 [n
275 3559 381 3615 Dodone
394 3568 481 3614 autem
496 3559 576 3624 Fons,
592 3558 651 3613 cbm
685 3564 709 3612 ri
726 3561 846 3628 legatur,
885 3558 935 3628 qub
955 3556 1167 3639 referendaelsunt
1187 3559 1239 3615 istae

237 3643 272 3691 e,
293 3631 319 3682 Se
332 3626 463 3684 immersas
481 3626 550 3683 seces
567 3630 654 3684 extin·
685 3646 779 3693 vocer,
808 3635 836 3683 v'.
848 3638 907 3692 892.
945 3629 1038 3682 Multis
1056 3626 1114 3681 aliu
1134 3632 1239 3697 regioni-

241 3697 361 3751 extintlae
379 3699 583 3761 adoraveantur,
611 3713 652 3752 ac-
685 3700 753 3752 bus?
769 3697 838 3751 Nam
856 3700 882 3752 Kc
899 3700 980 3750 multe
996 3695 1047 3761 iste
1066 3696 1121 3750 alia
1134 3700 1239 3765 regiones

236 3767 332 3831 ’lirum
351 3766 396 3820 lib.
409 3766 445 3818 11.
456 3782 508 3835 cap.
526 3780 583 3833 103.
603 3766 653 3821 Ni·
684 3764 745 3822 sunt
761 3767 832 3821 Endo
852 3766 936 3820 Muri.
974 3765 1087 3833 Legerat
1103 3766 1185 3833 igitur
1200 3765 1238 3818 A.

236 3835 337 3889 uoniam
361 3832 421 3889 sunt
439 3836 466 3887 iu
484 3833 538 3902 ipsa
557 3836 649 3905 Aqua,
684 3837 767 3889 radim
785 3836 864 3899 Fons,
884 3835 914 3888 de
930 3851 981 3903 quo
995 3834 1105 3898 Strabo,
1125 3836 1153 3887 iu
1169 3833 1238 3887 libro

236 3902 311 3957 aisti
329 3903 406 3972 Aquae
425 3901 553 3968 subjecta,
584 3904 652 3958 mul·
685 3903 823 3972 Geog.Vl.
861 3902 902 3959 Ita
912 3906 980 3958 enim
989 3901 1087 3972 scripsit
1097 3902 1234 3967 Lueretius,

237 3969 332 4025 semim
355 3990 411 4042 quae
428 3989 460 4026 ex
479 3971 551 4042 Aqua
566 3989 651 4027 erum·
684 3976 711 4029 n
731 3988 809 4027 voces
835 3970 887 4026 iste
911 3973 944 4027 In
962 3973 1056 4036 Meri,
1086 3968 1140 4024 live
1166 3971 1237 4027 Eudo

236 4040 504 4107 rporiinflammabili‚
526 4043 578 4094 viz.
590 4042 652 4096 Stu·
685 4042 783 4105 Muri,
803 4042 835 4095 ad
856 4043 999 4112 marginem
1018 4041 1118 4094 Codicis
1131 4039 1237 4095 eductu

236 4108 305 4164 reue
332 4117 449 4165 recenter
470 4110 589 4165 extinstae
607 4112 651 4163 ad·
683 4120 715 4165 tae
734 4111 842 4168 tandem
857 4113 887 4173 iu
901 4109 1007 4171 versum
1025 4106 1110 4178 ipsum
1127 4106 1237 4179 irrepse-

236 4180 263 4235 &
277 4182 438 4238 accenduntz
455 4178 548 4249 Neque
565 4180 648 4248 magle
681 4188 754 4238 runt
