3150 4967
447 426 624 508 Linou
653 426 965 524 ouiurus.
1055 399 1059 404 ’
1205 442 1275 516 281

242 619 323 668 :eren
341 593 431 684 quod
449 615 541 667 eram
561 597 692 684 gravia,
719 598 751 666 &
774 596 926 681 perplexa
944 594 1088 683 coibant,

243 687 381 772 edioque
399 686 485 761 imas
497 685 673 772 >capiebant
696 686 808 755 omnia
825 682 935 756 sedes:

255 778 380 861 quanto
400 775 502 861 magis
520 776 605 845 inter
626 771 658 845 se
682 775 833 861 perplexo
858 774 1010 859 coibunt,

257 866 360 950 magis
379 860 623 950 exprellereea,
649 888 722 951 quae
733 864 851 949 Mure,
876 866 1005 943 Sidera,
1032 864 1153 951 Solem,

245 978 343 1040 mque
358 949 547 1038 efficerent,
574 956 605 1023 &
631 953 742 1041 magni
764 955 887 1024 moenia
907 953 1039 1025 Mundi.
1211 972 1280 1044 455

242 1043 278 1112 ‚in
302 1044 392 1112 enim
412 1043 515 1129 magis
541 1041 611 1112 haec
632 1043 650 1111 ὲ
670 1042 797 1111 levibus
820 1063 918 1129 atque
937 1042 1090 1114 rotundis

242 1131 362 1216 nibus,
387 1132 558 1218 multoque
578 1132 756 1202 minoribu‘
778 1128 855 1203 sunt
872 1132 1065 1228 Elementis,

242 1246 263 1291 n
281 1221 413 1293 Tellus:
444 1220 518 1291 ideo
539 1244 595 1307 per
618 1244 689 1291 tarn
707 1216 868 1291 foramina
888 1242 982 1292 terrae

242 1311 301 1381 bus
331 1334 505 1397 erumpens
528 1312 653 1396 primus
675 1306 708 1379 le
734 1306 861 1380 sustulit
877 1309 988 1381 AEther
1096 1342 1100 1353 ¹

243 1397 314 1485 fer,
346 1400 378 1470 ἃ
397 1400 521 1469 multos
534 1396 643 1469 secum
665 1399 746 1469 levis
765 1398 896 1469 ibllulit
916 1399 1043 1487 lgneis:
1214 1411 1282 1489 460

253 1489 316 1559 alin
336 1488 432 1575 longe
454 1490 603 1573 ratione,
634 1513 672 1559 nc
691 1484 773 1573 saepe
795 1488 959 1572 videmus,

242 1603 251 1647 ι
274 1578 349 1647 clim
370 1577 516 1664 primlnn
536 1579 750 1664 gemmanteis
768 1600 844 1647 rore
863 1601 920 1664 per
941 1576 1059 1650 herbas

242 1667 317 1736 tino
337 1666 458 1736 rubent
477 1666 600 1737 radiata
619 1666 746 1736 lumina
766 1666 872 1747 Solio,

244 1757 377 1843 lantque
397 1758 502 1827 Lucus
525 1755 679 1826 nebulam
690 1806 701 1839 ,
727 1756 901 1841 Fluviique
919 1778 1098 1840 perennes:

242 1869 375 1932 quoque
396 1846 564 1915 interdum
584 1845 697 1917 Tellus
718 1841 845 1915 firmare
865 1844 1014 1915 videtur:
1215 1857 1284 1936 465

244 1938 276 2003 ia
294 1958 367 2020 quae
386 1930 513 2004 sursum
532 1934 606 2005 cinn
628 1934 844 2005 conciliantur
868 1934 902 2004 in
929 1931 1008 2020 ulto,

242 2046 295 2095 ore
314 2044 467 2095 concreto
486 2020 670 2093 subtexunt
690 2024 804 2093 nubila
825 2022 979 2095 Coelum:

242 2113 321 2199 gitur
343 2130 416 2182 tum
435 2108 467 2181 se
488 2112 589 2196 levis,
614 2136 652 2182 uc
675 2105 824 2183 diffusrlis
846 2108 958 2185 AEther

242 2223 469 2273 memnonem
496 2202 717 2271 circumdatus
740 2201 886 2289 undique
904 2196 1011 2288 leplit,

242 2291 270 2362 :e
297 2284 486 2363 diffususin
507 2291 634 2361 omneis
654 2290 799 2377 undique
840 2290 950 2377 urreis,
1214 2308 1283 2379 470

243 2381 277 2451 in
297 2376 341 2451 fic
363 2380 461 2450 avido
481 2380 656 2466 complexu
679 2403 794 2453 caetem
813 2315 916 2471 [ipsu.

242 2498 247 2539 z
269 2471 403 2542 exordia
424 2465 501 2541 sunt
522 2470 606 2542 Solis
626 2470 794 2557 Lunaeque
815 2466 942 2541 lecum:

1189 2580 1282 2652 Inter

242 2765 302 2823 riffe
315 2766 454 2830 aetherem,
471 2769 499 2823 dr
508 2765 611 2822 extrusa
622 2764 696 2820 limul
727 2765 828 2823 Licebit
839 2767 866 2821 id
873 2765 941 2823 forte
952 2765 1099 2835 intelligere
1110 2782 1139 2821 ea
1149 2783 1281 2835 compara-

242 2835 304 2891 'cula
321 2838 396 2893 ienea
413 2835 497 2891 eoiille
507 2838 534 2890 in
552 2853 594 2889 eas
604 2835 694 2901 moles,
727 2834 817 2900 tiorie,
848 2852 898 2904 qua
922 2836 1058 2890 Lucretius
1080 2853 1135 2890 rem
1158 2836 1281 2903 explicat.
1351 2871 1375 2896 -..

255 2903 303 2957 illo
313 2895 394 2959 adhuc
404 2904 552 2968 collucent,
573 2906 599 2959 n
611 2904 697 2971 appel·
728 2904 787 2957 dnm
800 2905 825 2956 id
834 2902 942 2970 potuisse
951 2904 1008 2958 lieri
1020 2904 1138 2968 ostendit,
1161 2913 1191 2959 ut
1204 2922 1285 2973 quan-
1362 2909 1375 2948 i

251 2974 348 3027 Sidera.
385 2974 499 3040 Corpora
522 2974 632 3040 denique
651 2971 698 3025 illa
727 2974 759 3026 do
771 2972 885 3039 vapores
905 2973 1046 3028 &Halitus
1059 2974 1125 3028 exll
1144 2973 1285 3027 uaTerm·

242 3042 376 3103 irotnnda,
395 3042 470 3094 levin
478 3038 574 3103 inille,
597 3042 697 3094 adeum
745 3057 777 3094 ue
797 3042 972 3107 prodeuntes,
995 3044 1021 3096 dr
1042 2990 1150 3105 sublimi
1168 3042 1230 3097 elnti
1248 3044 1285 3097 ite

242 3130 246 3163 ι
265 3110 294 3162 in
302 3108 536 3163 circumferentiam
549 3124 595 3176 per
614 3106 697 3162 elisio-
726 3058 825 3163 iussum
842 3108 1034 3174 cumulantur,
1063 3110 1282 3177 concrescuntque

252 3174 519 3245 seuexprellionemi
538 3175 697 3231 craffioribus
726 3176 873 3246 innubila,
892 3186 922 3232 ut
940 3178 996 3231 illic
1009 3177 1054 3231 liat
1074 3176 1143 3245 qnafi
1157 3178 1282 3245 Loquens,

259 3242 294 3299 lic
311 3246 503 3310 determinata,
531 3254 562 3300 ut
587 3244 647 3300 edm
665 3261 697 3299 ex
726 3244 771 3300 sub
781 3262 831 3313 quo
846 3246 897 3301 lle'r
908 3247 953 3313 qui
968 3246 1044 3300 restat
1060 3247 1134 3300 nobis
1145 3243 1285 3312 aspectabi-

242 3323 389 3369 tamennon
402 3316 504 3369 exirent
521 3317 571 3368 viis
590 3313 698 3380 paralle-
727 3314 759 3366 lis
777 3314 950 3368 contineatur.
1000 3313 1079 3376 llaee,
1106 3331 1132 3367 v.
1153 3328 1194 3366 21.
1224 3314 1284 3367 vide

242 3398 305 3451 eque
314 3384 411 3447 juxtim
419 3384 583 3447 inciderent,
603 3383 698 3435 idcirco
726 3384 804 3437 etiam
815 3383 992 3447 Plutarchum,
1012 3381 1073 3449 Cap.
1084 3382 1130 3437 lV.
1148 3382 1193 3436 lib.
1208 3383 1229 3436 1.
1253 3383 1286 3438 de'

242 3449 392 3520 *progrell'u
410 3448 457 3505 fibi
475 3449 546 3506 varii
563 3449 699 3505 occurlltir·
727 3451 819 3505 Placit.
831 3449 901 3504 Phil.

246 3518 425 3589 impetumque
447 3530 581 3586 acceptum
606 3517 698 3572 mutuo
760 3532 820 3584 452.
841 3519 874 3573 In
886 3520 1007 3586 medioque
1020 3516 1107 3589 imus.)
1126 3517 1280 3586 Turmbus,

242 3587 318 3653 eine,
347 3605 398 3657 qno
414 3585 493 3657 usque
511 3590 609 3655 impetu
628 3587 700 3639 deni·
727 3586 761 3642 In
772 3588 867 3651 medio,
887 3590 1037 3655 utqueimns.
1228 3617 1230 3620 ν

243 3653 339 3719 dante,
359 3673 414 3725 quse
434 3656 619 3725 promotiores,
645 3654 698 3709 five
759 3661 819 3721 460.
841 3654 975 3723 Signifer.)
995 3654 1067 3709 lllii:
1090 3656 1196 3723 ignifer.

242 3724 266 3777 io
282 3726 432 3779 remotiores
451 3726 613 3786 extiterunt,
638 3721 700 3777 effe·
759 3730 820 3789 465.
841 3722 1021 3792 Ipfiiquupue.)
1041 3724 1114 3780 Alii:
1135 3726 1279 3793 Ipsoqueut.

243 3799 276 3848 nt
294 3791 337 3846 libi
357 3794 471 3847 invicem
481 3792 641 3860 implicitae,
662 3788 699 3845 le·
759 3806 821 3857 472.
842 3792 1040 3857 Hunoexordiu,
1063 3794 1139 3856 dcc.)
1159 3794 1198 3847 lta
1217 3793 1284 3847 Ter·

242 3859 325 3916 nutui)
336 3863 510 3920 continentes.
529 3861 699 3928 comprimen-
727 3877 782 3913 ram
800 3862 880 3915 totius
893 3862 988 3915 Mundi
1007 3862 1224 3926 fundamentum,
1247 3863 1285 3915 ita

242 3937 303 3997 tque
324 3930 419 3983 idcirco
434 3928 544 3997 speciem
571 3930 699 3997 quandem
728 3929 881 3994 AEtherem,
910 3930 1006 3984 Mundi
1032 3933 1126 3984 moenia
1154 3931 1289 3994 (coeteros.

242 4001 308 4051 rr'nm
323 3997 419 4052 Mundi
438 4005 573 4057 creantess
594 4000 621 4051 dt
635 4014 699 4065 quae
728 3998 846 4051 Planetas
864 3998 998 4068 negligit)
1015 3999 1177 4060 constituit,
1198 3998 1287 4053 Solem

242 4064 305 4132 >seo
315 4066 491 4134 appulerunt,
509 4068 545 4120 ita
556 4064 655 4119 suntab
668 4066 700 4117 il·
727 4074 815 4120 autem
826 4066 978 4136 Lunamque
996 4070 1094 4122 mediae
1114 4068 1183 4121 inter
1196 4067 1289 4121 AEtlre·

242 4125 321 4199 uiae,
340 4142 371 4189 ut
380 4135 478 4188 ebullis
493 4132 600 4188 subinde
610 4151 699 4187 occur-
729 4135 940 4201 remunerem,
959 4144 1076 4199 naturae,
1097 4152 1289 4203 quorumnem·

242 4219 261 4256 n
276 4211 331 4258 totu
345 4202 393 4257 illa
407 4204 526 4257 aetherea
536 4211 614 4270 atque
626 4203 701 4257 coele-
723 4220 761 4271 pe
770 4202 901 4271 Principia
913 4214 987 4259 erant
1001 4204 1085 4257 Aeriis
1095 4204 1213 4268 leuiora,
1231 4220 1293 4271 gra·

242 4272 283 4343 gio
300 4270 384 4330 fuerit
411 4273 505 4329 exinde
533 4273 694 4328 commeato.
729 4271 956 4399 viorglsstlreriie,
989 4269 1092 4343 inipso
1107 4272 1291 4395 AEtlrerisffde-

825 4354 840 4411 ς
1207 4356 1293 4411 tque
