3150 4967
266 443 339 519 2⁶⁸
638 432 684 515 T.
721 431 1024 554 Luonnrrr

266 594 437 682 Sarrdlids,
463 599 496 674 dr
515 598 628 672 multi>
642 617 727 674 oerta
747 600 873 672 ratione
891 599 997 687 tnagis
1021 597 1132 686 quint·

265 685 404 773 Pythia,
430 712 503 766 quae
525 688 688 775 tripodes
713 686 848 773 Phoebi,
874 689 1031 774 lauroque
1053 684 1227 788 prosarura

196 828 200 837 .
264 775 376 854 lllulta
393 775 460 848 tibi
478 776 648 864 expediam
673 777 777 849 doeris
794 775 905 849 solatia
927 777 1042 848 diuis:

264 864 448 954 Relligione
467 863 656 938 reftaenatus
676 891 719 937 ne
734 862 822 938 forte
842 866 962 951 rearis,
1341 951 1348 958 ῃ
1389 951 1391 958 y

264 955 406 1039 Terras,
433 957 465 1024 ἃ
487 955 617 1039 Solem,
642 956 793 1042 Coelum,
818 957 932 1039 More,
958 953 1093 1039 Sidera,
1118 951 1278 1040 Lunam,

266 1042 413 1127 Corpore
427 1042 542 1114 divino
561 1044 679 1115 debere
696 1062 816 1116 aeterna
834 1067 985 1114 monere:

263 1129 501 1218 Propterooque
523 1149 618 1220 putes
638 1134 706 1205 ritu
726 1157 783 1220 par
805 1130 869 1206 else-
880 1132 1086 1220 Gigantum,
1139 1131 1141 1138 '

263 1219 409 1291 Pendere
427 1245 484 1291 eos
527 1244 617 1292 oerras
636 1221 774 1293 immani
791 1247 850 1309 pro
869 1219 983 1295 scelere
1003 1218 1156 1304 omneis,

264 1310 335 1394 Qri
354 1310 479 1379 ratione
499 1245 556 1379 sua
574 1308 756 1381 disturbent
774 1311 897 1382 moenia
914 1307 1065 1393 Mundi,
1296 1396 1299 1400 λ
1408 1392 1410 1397 ¹

263 1396 522 1485 Praeelarumque
541 1399 647 1469 velint
670 1398 743 1470 coeli
763 1397 962 1486 restinguere
978 1397 1110 1482 Solem,
1226 1415 1228 1420 ·
1403 1417 1410 1426 ·

263 1485 465 1557 immortalia
483 1487 613 1557 mortali
630 1484 779 1558 sermone
806 1506 967 1558 notantes.

311 1578 397 1660 Quo
416 1575 529 1660 procul
550 1572 734 1662 usqueadeo
756 1575 873 1646 divino
890 1574 932 1648 ab
951 1574 1089 1646 numine
1114 1570 1264 1664 distent,

262 1665 368 1749 Inque
388 1663 488 1734 delun
505 1688 646 1736 numero
666 1662 709 1736 src
725 1661 802 1735 sunt
824 1664 959 1752 indigna
980 1663 1106 1748 videri,

263 1753 430 1825 Notitiam
449 1753 559 1839 potius
585 1752 729 1840 praebere
751 1773 790 1824 ut
811 1749 895 1840 polle
916 1769 1098 1839 putentur,¹
1326 1765 1378 1848 125

265 1841 359 1927 Qrid
378 1839 417 1912 lit
437 1843 529 1913 vitali
557 1860 672 1928 motu,
697 1838 853 1928 sensuque
873 1857 1048 1916 remotum.

265 1932 400 2018 Qrippe
417 1933 540 2002 etenim
556 1954 627 2004 non
649 1929 695 2002 est
715 1953 791 2002 cunt
812 1930 931 2016 quovis
953 1952 1088 2016 corpore
1105 1943 1144 1998 ut
1162 1921 1232 2004 elle.

263 2016 353 2090 Polse
373 2020 484 2089 Animi
505 2038 622 2092 natura
641 2036 800 2106 putetur,
825 2009 1112 2109 Consiliumque.⁶

264 2107 356 2178 Sicut
378 2109 413 2176 in
430 2107 550 2179 aerhere
568 2131 638 2180 non
657 2108 785 2189 Arbor,
810 2132 870 2179 nec
890 2108 925 2177 in
942 2130 1073 2196 aequore
1091 2101 1173 2176 salso

264 2193 383 2268 Nubes
402 2193 460 2265 else
484 2217 631 2281 queunt,
656 2221 763 2285 nequo
777 2194 883 2270 Pisces
902 2195 1014 2266 vivere
1031 2196 1067 2268 in
1086 2194 1199 2274 arviss
1325 2213 1378 2282 η·

261 2284 340 2358 Nec
353 2285 461 2355 Cruor
483 2285 654 2372 inriguis,
679 2310 739 2358 nec
760 2283 844 2356 saxis
871 2287 992 2357 Succus
1014 2280 1131 2355 inesse:

264 2375 422 2458 Certum,
448 2397 485 2444 ac
503 2369 692 2460 dispositum
714 2372 773 2460 ’st,
799 2374 857 2445 ubi
879 2373 1033 2459 quiequid
1056 2368 1197 2458 crescat,
1221 2371 1258 2448 ἃ
1283 2367 1362 2452 salit

264 2465 318 2536 Sic
335 2463 445 2535 Animi
467 2483 581 2534 natura
600 2463 713 2551 nequit
729 2459 801 2551 ,fine
824 2462 969 2549 Corpore
988 2460 1066 2532 oriri
1140 2525 1142 2529 .

265 2554 362 2638 Solo,
388 2576 493 2639 neque
515 2554 533 2622 A
552 2553 684 2638 nervia,
711 2555 742 2624 &
764 2548 920 2641 sanguine
944 2550 1086 2637 longiter
1106 2543 1178 2619 else.

264 2641 341 2718 Hoc
361 2638 384 2711 st
405 2640 504 2728 poll'er
523 2643 635 2726 enim,
661 2642 768 2711 multi)
792 2642 880 2728 priris
901 2636 967 2725 ipsa
992 2638 1104 2710 Animi
1124 2637 1176 2707 vis
1327 2651 1378 2725 135

264 2733 304 2802 In
324 2730 458 2815 Capite,
484 2748 543 2798 aut
562 2731 746 2816 Humeris,
771 2747 829 2800 aut
849 2730 923 2799 imis
946 2727 1097 2799 Calcibus
1120 2722 1180 2796 else

264 2817 387 2902 Porset,
413 2819 444 2886 &
466 2812 588 2885 irmasci
607 2819 722 2903 quovis
742 2818 777 2888 in
802 2836 892 2905 parte
915 2812 1050 2886 soleret:
1154 2857 1158 2866 ·

263 2907 416 2978 Tarrdenr
430 2905 466 2974 in
486 2903 602 2975 eodem
620 2903 779 2993 homine,
804 2924 900 2992 atquo
920 2907 956 2976 in
975 2905 1090 2976 eodem
1110 2898 1185 2974 vase
1209 2919 1360 2976 maneret.
1408 2947 1410 2982 2

1290 2986 1410 3117 oua

319 3162 363 3217 Vis
378 3161 474 3216 Anime
500 3162 586 3216 ἀὶυὶηα
606 3167 684 3232 regie,
697 3163 813 3231 limoque
841 3162 1001 3232 inperpetuo
1012 3157 1282 3219 fluxuelselicerene
1304 3159 1374 3216 Fun.
1409 3155 1410 3164 ’

362 3241 441 3285 meatu
879 3248 935 3297 124.
957 3230 1207 3296 Siosuntinrligno.)
1232 3229 1305 3296 Alii,
1328 3229 1377 3298 ‚Qu

317 3300 435 3368 conspirat
446 3302 525 3364 Deus,
544 3300 579 3363 {A
589 3302 809 3368 locimrotionrgu·
833 3300 1008 3369 smttindigno.

364 3371 453 3422 Amore.
875 3383 933 3431 129.
957 3369 1078 3429 Sicorin,
1096 3361 1171 3432 Ate.)
1190 3364 1334 3435 Sequente
1347 3375 1375 3430 η.

262 3435 411 3491 Hosaotem
423 3438 565 3493 contemnit
579 3436 678 3501 Poita,
699 3438 725 3491 δι
744 3436 812 3489 indi·
841 3454 868 3490 v.
878 3437 997 3491 invenies
1007 3474 1016 3499 ‚
1027 3435 1072 3491 lib.
1085 3434 1133 3487 111.
1147 3450 1175 3486 v.
1186 3441 1249 3498 786,
1259 3433 1309 3489 ubi
1316 3433 1376 3488 edm

245 3513 374 3573 ,gnarurs
412 3506 567 3571 injuriarum
587 3501 672 3561 forsan
688 3521 805 3570 memor,
839 3505 954 3575 legitur:
975 3508 1035 3558 Non
1048 3504 1246 3584 aeqrrorer'nolro.

261 3584 755 3710 neiidgallidirliiiiiiimfollsrmdi.)
780 3642 810 3696 Id
839 3573 1048 3697 hoiiirsriiliuiq
1058 3568 1377 3694 dgnasmidegmffl

245 3710 317 3780 est,
355 3710 463 3777 probant
484 3710 808 3765 Mundum-interiturum.
841 3709 905 3765 lotos
918 3711 1022 3774 conjicit
1031 3709 1127 3762 Foloe:
1145 3705 1196 3761 Sed
1205 3708 1238 3759 ad
1253 3721 1309 3760 rear
1322 3696 1377 3772 aqui

261 3779 302 3834 Ita
317 3778 363 3831 vir
381 3779 462 3841 ilius,
482 3780 590 3845 Ingentes
601 3781 672 3845 erigit
681 3783 764 3841 alnos,
784 3781 810 3832 irl
840 3777 1087 3847 acroliquifnciunt.
1124 3772 1230 3828 Nomii
1249 3771 1378 3841 iorplono

261 3849 316 3911 est,
337 3795 456 3900 describit
470 3846 602 3914 quopaiio
616 3846 810 3901 exHeliadibus
840 3847 890 3901 stro
908 3849 957 3900 Cor
992 3862 1019 3900 re
1028 3843 1143 3905 Nervis,
1164 3841 1265 3904 Venis,
1286 3843 1313 3897 dc
1329 3841 1378 3894 so

263 3916 327 3969 Alni
335 3912 512 3970 surrexerint:
532 3912 596 3967 Inde
610 3916 677 3980 apud
689 3915 810 3971 Aristote·
839 3917 917 4037 {uine
928 3917 955 3967 in
978 3915 1067 3976 roilo,
1090 3918 1160 3965 certa
1179 3913 1207 3965 δι
1220 3907 1392 3965 definitaloev

260 3982 331 4047 lem,
351 3986 371 4043 oi
387 3988 497 4051 γευῖιπες
513 3979 554 4042 ool
572 3982 664 4044 eiquo
682 3981 695 4048 (
714 4002 810 4036 meror·
860 3992 906 4047 nt,
926 3983 970 4037 ubi
990 3982 1083 4036 Anima
1100 3981 1126 4035 ἃ
1147 3980 1260 4034 Animus
1281 3972 1377 4054 seorlut}

259 4062 293 4105 res
311 4053 458 4118 Mundum)
482 4051 526 4120 qui
548 4050 657 4118 probant
708 4053 805 4104 undum
840 4049 975 4107 irascantur
1003 4052 1029 4105 dr
1050 4047 1177 4108 exinanit
1214 4046 1313 4101 frtrllra
1329 4045 1395 4104 lo.

260 4122 377 4189 genitum
387 4118 452 4180 elles
473 4122 499 4174 rc
509 4118 574 4172 illud
591 4119 705 4174 Platonis
716 4128 805 4173 notan·
840 4137 907 4173 nram
918 4124 943 4174 Ar
954 4119 1075 4174 Animum
1084 4118 1110 4170 in
1120 4115 1203 4176 eolo.
1223 4116 1306 4178 Mari,
1323 4113 1378 4167 ‘rer-

259 4191 339 4253 dunr,
359 4186 458 4258 quiuis
472 4191 565 4248 ‘istros
574 4186 714 4255 (fluentes)
727 4187 807 4242 alicu·
841 4204 885 4252 ra,
906 4188 1014 4255 aliisque
1025 4184 1182 4254 Corporibus
1194 4184 1276 4237 nullis
1285 4181 1377 4236 omnin
1399 4171 1402 4228 l

258 4257 287 4314 bi
295 4266 369 4313 vocat
379 4275 422 4312 eos
441 4215 646 4324 ilhilolophis,
666 4256 711 4326 qui
721 4257 808 4310 omnio
838 4259 941 4327 organis
952 4255 1072 4320 donatis,
1092 4252 1195 4322 Aliquis
1213 4253 1336 4322 requirat.
1398 4235 1402 4314 l

1393 4319 1410 4605 l
