3150 4967
247 317 321 379 rae
534 367 536 374 .
572 313 581 408 j
617 305 1011 444 T.·‘.LUC'REsII'
1049 309 1055 320 ’

245 467 380 628 Νεηιίρε
393 486 515 573 ⁸tamen
535 469 657 547 debent
676 493 734 549 aut
753 474 892 552 Sensum
912 477 1013 567 partis
1029 474 1188 566 haine,
1211 486 1251 532 θ’
1274 497 1290 532 ···
1335 475 1352 564 ἶς

244 558 314 630 Aut
344 559 446 631 mulia
466 562 544 634 totis
564 564 771 640 Animalibus
793 565 851 640 csse
872 569 989 657 putari.
1337 577 1340 582 ’

245 647 291 720 At
312 667 476 754 nequeant
497 675 555 740 per
576 650 609 724 se
627 657 738 729 Partes
759 654 898 744 senate,
922 681 984 730 nec
1001 653 1071 730 esse.
1132 709 1140 739 a
1254 712 1270 718 ··

245 735 400 825 Namque
426 739 528 813 alrirm
547 740 664 815 Sensus
683 747 912 819 membrorum
929 743 1052 836 respuit
1070 745 1246 820 omniumr
1269 753 1292 792 ·'

243 825 318 900 Nec
339 828 462 901 Manus
484 830 503 901 a
528 833 642 905 nobis.
667 835 731 907 otis
752 833 955 916 asistente,
980 859 1088 924 neque
1107 836 1176 909 ulla
1301 859 1340 900 ···

246 916 403 1021 Corporis
423 920 561 992 omnino
581 858 711 1025 sensim
734 927 810 1013 [pars
830 922 897 997 sola
918 947 1039 996 tenere.
1262 941 1271 950 “
1334 931 1338 940 ’

245 1006 445 1110 linquatur,
470 1027 509 1079 ut
528 1027 607 1082 totrs
626 1014 834 1087 Animalibus
851 1012 1109 1095 adsrnrulentura

245 1094 350 1199 Vrtalt
368 1114 407 1166 ut
426 1094 551 1202 possint
571 1098 752 1174 consentire
771 1101 919 1192 untdique
945 1100 1057 1177 Sensu.

247 1185 318 1271 Qu
337 1203 492 1289 poterunt
508 1207 608 1293 rgrtur
630 1214 742 1278 rerum
761 1194 945 1282 primordia
960 1193 1076 1279 dici,
1141 1216 1144 1223 ’
1186 1253 1190 1258 .
1306 1199 1356 1281 915

244 1273 291 1346 Et
308 1272 388 1345 lethi
407 1296 511 1345 vitare
535 1301 631 1365 vras,
656 1283 818 1353 Animalia
836 1306 913 1354 cum
933 1280 1018 1368 sint,
1037 1363 1039 1368 ¹
1230 1347 1233 1352 ,

246 1362 354 1449 Atque
371 1364 568 1437 Animalibu’
587 1365 651 1441 Ant
672 1372 866 1444 mortalibus
884 1395 971 1458 una,
996 1362 1209 1457 eademque?

287 1452 394 1556 Qrod
413 1469 524 1552 tamen
547 1474 587 1528 ut
604 1455 742 1546 polsmt:
767 1460 808 1531 ab
828 1481 915 1533 coctu
934 1461 1159 1546 concilioque,

205 1605 207 1612 .
246 1541 466 1646 eruiacrent,
489 1564 604 1630 praeter
627 1549 788 1637 volgum,
812 1549 1010 1636 turbamque
1033 1549 1276 1629 Animantumt

220 1675 224 1681 ·
248 1632 375 1703 Scilicet
394 1648 433 1703 ut
450 1655 613 1721 nequeant
632 1638 820 1725 Homines,
848 1640 1025 1723 Armenta,
1050 1639 1231 1725 Feraequc,
1304 1650 1359 1726 pat

247 1721 341 1794 Inter
361 1717 425 1791 sese
444 1723 547 1797 ullam
563 1749 633 1797 rem
654 1728 784 1815 gignere
806 1728 1034 1800 conveniendo

246 1810 310 1883 Per
330 1810 469 1885 Veneris
483 1837 534 1885 res
546 1864 559 1901 ,
587 1836 679 1888 extra
689 1817 875 1903 Homines,
899 1818 1077 1902 Armenta,
1101 1810 1272 1904 Ferasque.

296 1900 401 1988 erld
423 1899 449 1973 si
469 1900 554 1975 sorte
570 1901 667 1978 suum
684 1906 857 1979 dimittunt
878 1929 1013 1994 corpore
1031 1900 1185 1991 sensum,

1269 2039 1363 2128 Atque

282 2233 342 2290 pre'.
364 2228 479 2294 Namque
496 2228 573 2281 auem
588 2228 692 2293 Sensus,
719 2226 798 2297 tre.)
831 2224 886 2285 riis
893 2226 1056 2297 progreditur
1067 2243 1093 2282 v.
1106 2238 1130 2291 5.
1142 2224 1211 2289 Quia
1218 2223 1364 2282 licetainb·

247 2294 405 2364 Interpretes
422 2292 552 2365 disputant
562 2313 613 2367 quo
624 2297 796 2366 modolegen·
832 2304 921 2352 tantur
932 2294 1036 2365 &quafi
1045 2292 1190 2358 Animalia,
1210 2296 1364 2349 &inem

248 2362 501 2428 dussrthieversus,
523 2366 797 2438 &quoordinecollp-
831 2364 867 2419 lia
883 2364 977 2430 simul,
1004 2373 1061 2420 tum
1076 2361 1178 2417 nullum
1202 2363 1366 2422 Animeliun.

248 2435 301 2487 tari
320 2434 435 2489 debeat:
472 2434 621 2500 Lambinus,
651 2432 793 2505 Gaffmdqu,
832 2431 1106 2556 3ualiajamviiuntur
1141 2430 1321 2512 Jgnipotcrit‚
1337 2426 1368 2486 sul

248 2503 343 2566 Faber,
843 2502 929 2559 cilicet
943 2502 1063 2570 generis,
1083 2517 1113 2553 co
1149 2506 1240 2556 trtmve
1256 2501 1287 2553 in
1302 2510 1368 2553 unu

282 2572 480 2637 Nonquealium
489 2571 575 2634 Sensus
589 2571 747 2625 membrorum
760 2589 799 2625 re·
831 2569 956 2639 speciems
984 2569 1026 2623 scd
1043 2570 1158 2623 Acerves
1178 2559 1369 2622 solimanno&

342 2638 408 2705 spuis
416 2655 500 2691 onmes.
832 2640 962 2707 congeries
988 2638 1118 2692 variorum
1143 2635 1368 2690 animalculorum.

249 2706 313 2760 &v-
326 2702 387 2770 psa.
408 2703 590 2774 subjungunt:
610 2704 687 2771 Quasi
696 2705 798 2762 dixisset
831 2704 1036 2775 HaecGoffinrlus:
1061 2700 1371 2773 AliaFaber,seilpej0ra:

247 2774 393 2829 Lucretius:
424 2775 485 2829 Pars
503 2775 518 2830 A
535 2775 604 2831 Toto
620 2773 665 2829 suo
685 2773 710 2830 se
729 2784 798 2830 arata
831 2775 957 2830 Ponamus
968 2770 1373 2840 Sensrbiliaessel’rincipia,=ue·

249 2840 360 2895 aliorum
384 2845 500 2897 omniurn
523 2844 696 2899 membrorum
711 2794 796 2898 sensus
831 2860 880 2911 que
897 2851 984 2897 tamen
1000 2840 1193 2909 corruptibilia,
1219 2842 1375 2920 quaeritiis

248 2907 367 2977 respuit,
388 2926 448 2979 ergo
459 2928 517 2979 pars
530 2910 600 2976 sola,
620 2913 638 2965 i.
652 2930 674 2965 e.
694 2912 710 2966 ri
727 2913 797 2967 Toto
830 2912 888 2976 vis,
908 2906 1250 2979 quidtandemexillislien
1258 2906 1373 2977 potenti

247 2974 363 3044 ieiunus
375 2979 468 3035 Totirrs
482 2980 601 3048 Corporis
616 2978 714 3035 sensum
726 2991 798 3036 tene·
830 2978 905 3034 Nihil
920 2975 989 3034 certi
1005 2987 1095 3046 praeter
1105 2976 1252 3042 Animalia,
1272 2993 1326 3032 non
1332 2976 1377 3031 Ar·

248 3047 445 3117 renonpotesi:
465 3047 589 3116 Displicet
604 3050 656 3103 hac
671 3051 798 3117 interpre-
829 3047 895 3113 bor,
914 3064 966 3101 noo
978 3047 1135 3108 Metallum,
1147 3046 1197 3099 &a

248 3120 334 3177 tatio,
368 3114 463 3173 sufficit
480 3119 566 3183 enim,
598 3115 797 3186 (Respondeant
863 3131 923 3181 922.
947 3116 998 3171 Per
1008 3110 1179 3182 Venerisres.)
1200 3110 1251 3167 Pro
1265 3112 1379 3169 hocvet·

175 3249 177 3253 Υ
249 3185 290 3239 illi
327 3186 355 3239 ui
374 3184 489 3240 statuunt
513 3187 616 3241 Semina
630 3184 752 3253 senilia)
777 3185 797 3241 st
829 3181 858 3240 su
870 3183 924 3240 Alii
932 3184 993 3238 libri
1005 3183 1145 3247 exhibent,

282 3203 432 3319 rsiejunua
448 3251 548 3309 sensum
566 3254 612 3308 sibi
621 3255 795 3322 peculiarem,
863 3254 906 3308 Sic
919 3253 1001 3306 itirlcm
1019 3248 1286 3321 qeaesmtimussmtiei
1294 3242 1376 3320 neeric

261 3324 312 3376 icet
327 3340 380 3377 non
395 3324 475 3377 torius
495 3324 614 3391 Corporis
629 3320 727 3378 sensum
736 3324 798 3378 reti·
930 3321 971 3387 esi·
992 3367 994 3371 Α

249 3397 318 3444 neat.
355 3391 503 3460 Legendum
513 3402 600 3447 annm
610 3391 744 3455 existimo,
830 3386 1051 3457 ibibroquodam
1066 3403 1125 3442 eum
1140 3383 1220 3442 MSS.
1233 3391 1379 3455 comparato

284 3461 399 3527 Namque
409 3463 484 3513 olium
496 3460 582 3524 Seruus
592 3462 750 3514 membrorum
762 3478 798 3514 res
829 3456 959 3513 substituit
968 3458 1114 3520 Lambinus,

348 3531 406 3593 perit
417 3530 507 3581 omna:
633 3529 635 3533 ’
864 3527 916 3580 Per
926 3526 1085 3589 Venerisres,
1105 3526 1156 3579 &u

244 3597 278 3649 ir
289 3611 315 3647 r.
327 3610 387 3660 909.
400 3594 625 3664 subjungendam:
644 3598 697 3650 viz.
711 3595 799 3666 quali·
831 3595 917 3660 rejicit
929 3595 1060 3662 Gifanircs:
1078 3584 1219 3648 Necvalrli
1229 3586 1380 3645 necessarius

248 3665 293 3719 bet
312 3680 370 3733 pars
388 3664 500 3733 postulat
520 3666 643 3720 unionem
663 3682 723 3721 cnm
739 3666 798 3720 aliis
830 3664 951 3727 vitietur,
972 3664 1066 3733 quippe
1082 3660 1182 3716 auferas
1197 3657 1294 3724 illum,
1313 3656 1382 3711 valet

244 3734 388 3796 membris,
408 3727 619 3802 etsensiscapax
629 3733 677 3800 fit,
696 3752 757 3788 nam
767 3733 801 3788 fi·
831 3733 1068 3788 tamensucretiiar
1106 3736 1230 3784 mentum.
1291 3765 1293 3770 ·
1362 3765 1365 3770 -

249 3817 283 3857 ne
303 3802 378 3855 vitali
396 3802 509 3870 partium
527 3800 670 3865 consensu,
688 3812 719 3859 ut
736 3801 799 3871 saepe
865 3814 926 3870 923.
946 3800 1055 3870 Quorlfi
1080 3793 1249 3863 meseum.)
1284 3792 1383 3875 Deinde

249 3869 393 3927 iunctim.
421 3870 511 3924 nullm
525 3869 781 3927 estomninbsensus.
832 3887 860 3924 v.
870 3884 896 3936 7.
922 3871 992 3924 ridet
1008 3868 1068 3923 illos
1103 3868 1131 3921 ui
1145 3863 1258 3919 asserunt
1280 3862 1385 3928 Semina

284 3951 345 4003 917.
369 3939 518 3993 Animalibus
526 3940 800 4009 meratenamwna
832 3937 905 3994 sensu
941 3938 1027 3992 uidem
1055 3954 1088 3990 ra
1107 3936 1142 3989 'ta
1152 3931 1221 3997 csse,
1240 3938 1268 3985 at
1285 3947 1338 3985 non
1354 3946 1384 3983 eo

250 4008 456 4087 eademqnecum
467 4007 638 4063 Animalibus.
666 4009 802 4077 ¹Iderrrfa.
832 4010 878 4077 qui
894 3955 978 4076 pera
991 4007 1019 4059 in
1032 3953 1195 4059 Animalibus
1213 4007 1336 4082 apparet,
1357 4000 1385 4052 ie

250 4085 285 4132 ot
295 4077 431 4127 occaecari:
449 4074 591 4131 Horatius:
607 4076 698 4132 Faber.
833 4075 905 4130 aliud
922 4073 1027 4140 subjicit
1041 4077 1221 4140 argumentum
1232 4068 1292 4132 rllr,
1333 4066 1386 4121 uod

284 4153 344 4208 prs.
364 4144 438 4211 Quen
453 4154 532 4197 samm
548 4156 576 4199 ur
584 4144 701 4215 postest.)
725 4144 801 4202 Ultc-
834 4161 861 4212 v,
876 4154 936 4212 apo.
953 4144 1122 4207 mannent,
1140 4135 1237 4200 affine:
1258 4136 1326 4259 Euas
1345 4137 1386 4189 vis

354 4253 356 4257 ,
1277 4222 1296 4260 n
1323 4220 1387 4260 cun·

223 4387 480 4548 Λ,
