3150 4967
270 338 339 413 108
530 385 556 412 -.
639 325 684 408 Τ.
722 324 1023 410 LUCRETII

265 492 376 567 Multa
392 492 562 567 Elementa
578 493 672 568 vides
690 497 804 569 multis
831 498 1023 569 communia
1042 490 1176 575 verbisc

266 583 353 653 cnm
374 602 486 655 tamen
503 585 589 656 inter
606 581 640 657 se
660 583 818 672 Versus,
840 612 878 657 ac
899 585 1012 657 Verba
1025 583 1190 662 ¹neceilc'll
1292 667 1297 674 ⁸

266 670 452 744 Confiteare
472 675 533 745 alia
553 698 594 746 ex
611 674 683 747 aliis
706 674 853 746 constare
872 676 1074 747 Elementis:
1330 718 1332 725 ‚

264 761 347 834 Non
372 762 463 851 qudd
482 764 587 834 multa
605 788 724 852 parum
743 763 930 836 communis
944 765 1077 837 Littera
1098 782 1222 848 murat,
1257 808 1260 812 -
1339 769 1352 806 ·’

194 879 196 884 ·
263 852 333 923 Aut
351 852 440 923 nulla
459 853 546 924 inter
563 849 596 923 le
615 853 683 924 duo
703 851 769 925 snit
790 878 831 925 ex
847 854 1004 926 omnibus
1025 850 1156 924 ildeme
1345 863 1350 874 '

265 941 328 1013 Sed
346 943 421 1028 quia
439 966 510 1012 non
528 942 633 1030 vulgd
652 943 742 1030 paria
759 943 918 1014 omnibus
940 943 1055 1014 omnia
1073 940 1234 1014 multam
1346 965 1350 972 ·

264 1030 319 1101 Sic
339 1031 411 1102 aliis
429 1030 466 1102 in
486 1030 585 1102 rebus
605 1031 687 1103 item
704 1033 894 1103 communia
915 1032 1041 1118 multa,

262 1118 448 1190 Multarum
467 1142 579 1192 rerum
601 1145 678 1193 cum
697 1118 762 1193 lint
781 1121 984 1210 Primordia,
1010 1120 1114 1210 long&-

262 1206 419 1278 Dillimili
436 1226 549 1280 tamen
565 1210 652 1281 inter
665 1206 698 1281 le
716 1208 888 1282 confillere
903 1206 1030 1282 summa

261 1294 416 1368 Pollunt:
442 1315 482 1370 ut
500 1300 622 1371 merito
641 1324 683 1371 ex
702 1301 774 1371 aliis
793 1298 938 1373 constare
961 1296 1110 1371 ferantur

261 1384 460 1458 Humanum
480 1411 605 1475 genus,
630 1411 668 1461 ac
684 1389 830 1479 Fruges,
854 1388 1058 1476 Arbullanue
1078 1388 1162 1458 laeta

306 1477 381 1547 Nec
402 1497 514 1548 tamen
538 1479 738 1550 omnimodis
758 1477 917 1549 connecti·
930 1475 1015 1566 polle
1033 1472 1222 1566 putandum

261 1564 408 1637 Omnia:
433 1590 513 1637 nam
532 1568 637 1656 vulgi>
658 1566 730 1658 fieri
749 1568 904 1639 Portenta
934 1568 1075 1653 videres,

262 1652 435 1729 Semilcras
453 1657 642 1728 Hominum
661 1653 782 1748 species
799 1656 956 1739 existere,
980 1660 1013 1727 dr
1024 1657 1111 1728 altos

1220 1778 1296 1858 rnre
1318 1808 1343 1840 u
1381 1833 1408 1864 ·.

260 1969 338 2025 rebus
346 1968 463 2036 semina,
481 1973 550 2029 unde
567 1989 608 2029 res
624 1967 681 2042 ipla
691 1969 752 2028 sunt
772 1970 810 2025 di·
841 1969 965 2033 trahant,
985 1971 1012 2027 dt
1027 1968 1059 2025 ab
1072 1967 1222 2037 incongruis
1242 1967 1379 2037 expedint

260 2037 366 2093 veria?
385 2041 486 2095 Similia
498 2044 653 2098 Semineces
667 2040 809 2097 limilesef-
844 2041 893 2094 Sed
904 2040 992 2094 audire
1008 2036 1111 2108 plenius
1128 2056 1161 2093 ex
1170 2037 1294 2092 Lucretio
1307 2037 1346 2102 ju
1362 2061 1363 2078 ι

260 2104 376 2163 licerent.
421 2109 500 2164 Hunc
528 2110 591 2165 vcrd
626 2111 808 2181 Argutatorem
861 2107 1075 2176 uiremiplamv.
1088 2107 1282 2175 roproponlt,
1301 2107 1350 2161 διν

259 2171 396 2255 iunctior
412 2178 487 2242 jubet
511 2178 609 2233 intueri
632 2175 721 2234 verius
738 2178 806 2243 suos,
844 2126 895 2230 iam
923 2177 1025 2240 reddit,
1052 2173 1120 2244 qudd
1147 2173 1263 2243 alioquin
1291 2202 1303 2220 υ
1317 2199 1345 2220 ιιι

258 2243 453 2301 anillismultas
462 2247 550 2302 literas
559 2265 708 2303 communes
717 2246 807 2303 maltis
844 2246 957 2313 quotidie
968 2243 1150 2303 nascerentnrs
1168 2243 1324 2307 Centauros,
1340 2250 1387 2283 l'
1400 2238 1420 2289 d

258 2313 367 2368 vocibus
387 2313 519 2379 inveniet,
538 2323 565 2370 at
575 2332 653 2370 voces
662 2315 726 2384 ipsas
740 2319 808 2371 inter
843 2330 949 2378 maras,
970 2315 998 2369 dr
1012 2312 1098 2368 omnia
1115 2311 1253 2365 Poetarum
1269 2309 1318 2374 fig,

258 2377 492 2449 sediverlaselle,
513 2401 546 2439 rx
562 2384 594 2437 iis
611 2385 689 2444 etiem
754 2383 808 2439 ersa
845 2384 999 2446 videremus.
1045 2380 1126 2435 Nulla
1147 2387 1236 2435 artem
1252 2369 1383 2434 ilduino!
1401 2389 1412 2414 1

258 2449 379 2505 Carmina
396 2454 514 2520 componi
537 2454 626 2522 negari
643 2471 696 2507 non
761 2452 805 2508 est.
843 2455 965 2519 apparent
973 2456 1111 2519 portenta,
1134 2448 1194 2517 quia
1203 2464 1237 2501 ex
1246 2449 1328 2506 certis
1352 2443 1385 2502 ul·
1404 2461 1418 2510 ,t

258 2516 319 2572 Pari
345 2521 462 2580 ratione,
483 2521 543 2576 licet
570 2524 598 2575 in
617 2521 707 2577 multis
729 2522 806 2576 rebus
842 2517 968 2582 bellulam,
982 2516 1344 2584 nonexomnigenisSemiui

258 2590 404 2641 communia
425 2588 475 2643 sint
492 2590 613 2653 Semina,
643 2607 685 2644 res
719 2599 806 2645 tamen
844 2586 982 2641 nasccnrtru
992 2603 1052 2648 resa
1071 2586 1148 2641 certis
1158 2582 1263 2652 insuper
1273 2585 1381 2642 uentu.
1405 2600 1410 2615 ²

257 2655 332 2722 ipsa,
352 2674 407 2725 qua
424 2657 521 2711 existis
532 2656 807 2713 leminibnssrmilihus
875 2668 937 2720 701.
957 2656 993 2710 Ee
1014 2659 1072 2710 alm
1100 2655 1221 2708 immilem
1238 2651 1384 2721 numum·
1410 2717 1414 2728 ⁸

257 2739 313 2775 eom
333 2734 469 2791 oneratur,
497 2724 600 2795 prorsus
626 2725 732 2782 diversa
757 2725 807 2782 elle
839 2728 900 2791 gm',
921 2725 971 2778 dcc.
1327 2789 1331 2798 Ι

246 2808 272 2859 ,ιι
311 2802 367 2848 unt
842 2793 935 2861 Egigni
945 2794 1043 2861 Corpore
1051 2793 1183 2856 vivo,‚ut
1192 2790 1261 2857 apud
1270 2787 1363 2844 Horat
1414 2806 1417 2826 ι

290 2862 805 2931 691.Nonpuddmultapcmon·,&c.)
842 2888 921 2901 --
942 2862 1020 2914 Tanto
1036 2863 1138 2914 emetiris
1152 2876 1248 2912 acervo.
1303 2887 1307 2894 ·
1347 2923 1354 2938 ι
1401 2841 1420 2930 l:

253 2926 340 2985 Debet
351 2932 383 2984 ad
400 2931 426 2984 id
445 2931 535 2985 referri
554 2934 621 3000 quod
641 2934 673 2987 de
683 2928 804 2986 similium
843 2929 932 2983 Rarum
947 2922 1383 2998 &supermundanarum
1412 2992 1415 3000 Δ

255 2996 399 3065 figurarum
414 2999 542 3054 infinitate
558 3002 676 3064 dixerat,
696 3017 722 3054 v.
743 3014 802 3066 525.
842 2997 1082 3064 Corporaliominls
1100 2996 1187 3064 egigni
1203 2992 1382 3062 prorsusmirt·
1412 3015 1420 3040 ι

255 3077 345 3121 contra
355 3077 442 3123 autem
459 3070 489 3122 de
501 3085 607 3122 numero
616 3068 692 3123 finito
702 3068 807 3121 diffimi.
842 3064 893 3119 bile
903 3064 955 3128 fit,
975 3063 1017 3119 sed
1030 3082 1078 3120 nec
1093 3061 1197 3120 forense
1207 3062 1327 3117 mirabile
1337 3071 1383 3115 riou

255 3135 321 3190 lium
340 3154 366 3190 v.
379 3146 440 3203 481.
478 3138 528 3193 Cui
548 3141 574 3192 da
592 3137 690 3206 aliquid
706 3154 806 3205 germa-
841 3123 1382 3204 litquoddel'ranuloinllegione'l'lrora·

254 3222 319 3259 num
344 3206 399 3273 poll
426 3221 521 3273 paucos
549 3204 639 3261 verius
665 3214 802 3270 occurret,
840 3204 895 3267 cis,
914 3202 1039 3267 Pastoris,
1061 3195 1383 3264 Terraconennsnmd
1411 3209 1420 3244 τ

254 3276 306 3326 ιιι,
319 3290 415 3340 myar.
840 3272 952 3325 sternum
961 3268 1115 3327 nitescente
1126 3277 1216 3324 narrat
1232 3266 1380 3331 G'all‘eradun
1415 3304 1416 3311 ι

287 3348 349 3404 696.
370 3343 407 3397 Di
422 3341 640 3409 smilisumma.)i.
655 3359 684 3398 ea
700 3342 751 3397 Res
766 3342 805 3396 di.
840 3339 858 3393 l.
871 3339 902 3393 V.
914 3342 944 3394 de
955 3341 1009 3395 vita
1019 3340 1154 3394 Peireslcii.
1191 3336 1279 3392 Pastor
1292 3335 1382 3390 Tarra·
1412 3343 1414 3348 '

254 3420 347 3464 cantur
363 3428 396 3466 ex
416 3408 529 3465 diffimili
538 3408 664 3465 seminum
674 3412 802 3479 congerie,
839 3407 954 3463 conenfis
964 3413 992 3462 ln
999 3408 1142 3476 prunulnm
1154 3407 1255 3469 incidit,
1264 3402 1382 3474 spinaque

253 3476 274 3530 fi
298 3487 380 3534 totam
406 3495 553 3548 compagem
579 3477 654 3534 limul
674 3482 801 3545 intueare,
839 3479 870 3531 ad
895 3484 1067 3545 campartem
1086 3475 1258 3544 lmplanmta,
1287 3471 1340 3527 sic·

253 3550 383 3614 componi.
821 3549 971 3600 limanium
980 3546 1076 3600 radices
1084 3547 1158 3666 efit,
1178 3552 1208 3598 nt
1216 3541 1270 3611 post
1279 3559 1308 3597 re
1353 3611 1359 3623 ¹
1417 3552 1420 3556 '

287 3622 348 3679 699.
368 3620 425 3671 Nee
450 3625 529 3669 tamen
553 3618 716 3680 omnimodis,
734 3616 802 3686 dac.)
819 3597 1064 3740 ,surculosvariom
1084 3615 1165 3683 alqui
1174 3616 1277 3668 tandem
1288 3611 1384 3680 prodie-

253 3685 379 3749 Qunmvis
393 3685 476 3739 multa
486 3680 581 3740 fernim
590 3683 641 3739 lint
655 3684 745 3739 multis
762 3702 803 3741 rc·
837 3686 909 3750 rint,
929 3683 1065 3752 inquibus
1080 3684 1155 3737 flores
1175 3675 1382 3738 &imllusvilit
1418 3687 1420 3721 l

251 3754 301 3808 lrns
315 3756 469 3813 communia,
489 3745 802 3823 Unaquaequctamenres
837 3754 898 3807 Non
908 3752 1003 3808 destitit
1020 3752 1112 3807 instate
1120 3751 1289 3812 Peircslcius,
1308 3750 1384 3802 doner
1419 3755 1420 3760 ’

252 3839 309 3878 eam
326 3824 408 3891 exigit
431 3819 639 3889 dispositionem,
658 3830 689 3877 ut
714 3823 802 3878 Atomi
838 3820 982 3876 Cardinalis
1001 3820 1158 3876 Barberinus
1187 3821 1289 3876 curavit
1310 3817 1384 3872 fidem

252 3890 332 3959 iplnm
343 3890 525 3947 constituentes
541 3908 602 3956 eas,
623 3908 678 3961 qua
688 3888 801 3947 luntiibi
838 3891 895 3947 lieri
903 3907 949 3959 per
962 3890 1034 3946 illius
1047 3889 1097 3944 loci
1110 3886 1346 3958 Archiepistopum,
1360 3886 1384 3940 dt

163 3974 165 3978 ’
252 3976 370 4029 congrua
380 3989 395 4025 ,v
408 3956 564 4024 adsciscant,
583 3977 612 4014 ac
626 3961 700 4015 velut
715 3959 802 4014 conlo·
838 3960 860 4014 E
879 3977 924 4014 ues
935 3959 1067 4015 Puteanus
1087 3976 1140 4012 non
1157 3957 1245 4014 literas
1262 3953 1338 4012 mont
1350 3962 1385 4008 at·

251 4032 337 4096 cient,
357 4030 419 4085 alias
428 4037 598 4097 praetereant,
625 4032 652 4085 de
670 4025 799 4096 respuant:
836 4037 848 4084 t
885 4024 1385 4095 antes,ledlurculosetiamaccepit,dt

250 4097 294 4155 Ex
314 4116 365 4169 quo
384 4097 488 4154 rursum
505 4095 553 4159 iit,
571 4106 602 4153 ut
617 4097 676 4154 ciam
695 4114 735 4152 res
751 4095 801 4150 dis·
836 4115 894 4152 cnm
905 4096 952 4152 illo
971 4096 1190 4151 communicavit:
1221 4097 1301 4154 Haefit
1325 4090 1386 4151 rard

239 4163 380 4236 ,solvitun
399 4183 517 4237 congrua
537 4184 643 4237 quaque
660 4165 686 4223 lc
706 4175 799 4221 mutuo
835 4167 955 4236 deinceps
974 4164 1061 4221 minis
1077 4203 1086 4232 ,
1105 4163 1174 4229 :cum
1191 4167 1291 4237 accepit
1306 4162 1386 4219 simile

1318 4235 1389 4305 quid-

1415 2741 1420 2750 u

1409 2755 1420 2767 t-

1400 2781 1409 2836 ξ

1410 2801 1420 2839 'c
