3150 4967
563 453 741 540 LIBER
778 449 1086 554 QUARTUS.
1310 481 1383 558 237

240 618 491 714 Cerbereasque
511 624 767 712 commiades,
792 615 1024 712 fimolocroque
1041 646 1179 712 eorum,
1231 611 1238 622 ’

240 719 413 806 Quorum
435 734 542 787 morte
562 716 653 787 obita
671 718 767 787 tellus
787 716 991 803 amplectitur
1009 713 1093 784 ossi:

240 806 369 878 Omne
390 830 493 890 genus
511 807 667 892 quoniam
682 804 795 892 pnffrm
816 803 985 874 fimuiacrn
1004 802 1176 891 feruntur,
1217 829 1221 836 ’

240 895 374 967 Partim
394 890 509 979 sponte
527 892 584 965 sua
607 918 679 981 quae
700 892 788 965 fiunt
806 896 890 966 Ae're
910 895 946 964 in
970 890 1055 979 ipso:
1085 901 1091 910 ‘
1146 916 1149 921 ·
1317 912 1384 985 740

240 984 374 1056 Partim
395 1007 468 1070 quae
494 985 592 1053 variis
614 983 654 1053 ab
673 982 772 1053 rebus
793 1006 932 1069 cumque
954 982 1134 1053 receduntr

240 1072 287 1145 Et
308 1095 387 1159 quae
406 1069 586 1158 consistunt
606 1096 648 1142 ex
673 1071 795 1142 horum
816 1069 899 1143 facia
917 1069 1041 1159 figuris.

241 1159 346 1234 Nam
365 1160 452 1231 certe
474 1184 515 1231 ex
537 1162 616 1232 vivo
627 1162 783 1233 Centauri
807 1185 877 1231 non
892 1159 931 1232 fit
949 1164 1075 1249 imago:

240 1250 353 1325 Nulla
373 1246 438 1320 fuit
457 1252 616 1336 quoniam
636 1252 708 1321 talis
728 1267 845 1320 notura
862 1251 1021 1320 animalis.

241 1336 380 1409 Verum
399 1339 457 1409 ubi
480 1340 557 1425 equi
575 1357 672 1426 atquc
692 1337 838 1409 hominis
861 1336 934 1409 casu
953 1340 1107 1409 convenit
1121 1339 1249 1429 imago,
1317 1360 1383 1432 745

241 1423 410 1500 Haereseit
423 1424 515 1498 facile
530 1430 695 1515 extemplo
704 1480 716 1515 ‚
742 1430 832 1516 quod
852 1428 995 1498 diximus
1013 1429 1111 1513 onte,

246 1515 389 1604 Propter
407 1512 559 1587 subtilem
580 1536 758 1602 naturam,
784 1520 817 1588 ἃ
837 1517 950 1588 tenuia
972 1535 1070 1588 texta.

292 1606 425 1677 Caetera
448 1606 488 1676 de
505 1630 624 1693 genere
643 1604 708 1677 hoc
729 1606 843 1677 eadem
861 1607 986 1676 ratione
1006 1626 1165 1677 creantur.

248 1694 338 1782 Qne
357 1718 435 1765 cum
458 1695 623 1766 mobiliter
641 1692 769 1766 summa
795 1696 927 1766 levitate
947 1692 1117 1781 feruntur,

247 1781 295 1857 Ut
315 1783 409 1871 priris
429 1783 574 1868 ostendi,
599 1782 692 1855 facile
713 1803 991 1855 unocommovet
1011 1786 1079 1854 inu
1316 1789 1398 1876 750'

250 1872 420 1960 Qraeiibet
438 1897 506 1944 una
530 1875 679 1945 animum
703 1874 800 1945 nobis
820 1871 947 1944 subtilis
969 1874 1087 1958 imago.

250 1961 379 2035 Tenuis
402 1963 492 2031 enim
512 1987 606 2034 mens
627 1960 693 2047 est,
719 1961 852 2033 &mire
874 1962 1006 2031 mobilis
1025 1959 1099 2047 ipsa.

289 2049 379 2122 Haec
397 2048 469 2122 fieri
492 2051 510 2132 (
521 2070 560 2121 ut
582 2057 757 2137 memoro)
776 2050 872 2121 -facile
895 2050 972 2120 hinc
993 2046 1184 2135 cognoscere
1207 2044 1325 2139 possis,

252 2140 421 2227 Qsatinus
441 2139 505 2209 hoo
524 2138 627 2210 fimile
648 2140 693 2210 est
713 2141 839 2224 oculis,
865 2140 954 2225 quod
974 2158 1084 2209 mente
1103 2140 1275 2234 videmur,

250 2229 358 2315 Atque
380 2230 483 2299 oculis
502 2226 596 2299 finiti
615 2227 686 2299 fieri
706 2230 832 2299 ratione
855 2225 1031 2304 neceffe'st:
1295 2252 1381 2321 *755

250 2316 353 2389 Nunc
370 2317 470 2404 igitur
511 2320 646 2389 uoniam
667 2318 764 2389 docui
781 2343 836 2389 me
857 2313 941 2387 forte
962 2319 1086 2388 Leones

250 2406 393 2478 Cernere
414 2431 471 2493 per
489 2342 679 2493 irmulacra,
704 2409 817 2477 oculos
837 2430 1038 2492 quaerunque
1061 2402 1230 2476 lacessunt:

249 2494 338 2568 Scire
357 2494 432 2564 licet
451 2517 597 2566 mentem
619 2494 712 2566 simili
731 2497 857 2565 ratione
878 2491 1003 2564 moneri

248 2582 309 2655 Per
329 2581 500 2653 fimulacra
518 2586 669 2656 Leonum
692 2604 825 2669 certem,
853 2608 925 2670 quae
943 2583 1033 2653 videt
1049 2580 1162 2667 reque,
1232 2622 1235 2630 ·

247 2672 323 2745 Nec
342 2674 475 2756 mimis,
501 2692 598 2759 atque
617 2674 724 2745 oculi:
750 2670 809 2742 nisr
823 2672 911 2759 quod
931 2696 1023 2758 mogo
1042 2672 1151 2740 tenuia
1174 2672 1286 2742 cernit.
1314 2683 1380 2763 760

288 2762 366 2833 Nec
388 2763 515 2832 ratione
532 2764 613 2849 alia,
640 2764 715 2833 crim
739 2759 874 2831 somnus
895 2762 1042 2831 membra
1060 2757 1224 2846 profudit,

243 2848 348 2925 Mens
369 2850 473 2921 animi
491 2851 627 2941 vigilat,
650 2850 712 2922 nisr
732 2853 824 2939 quod
847 2849 1014 2921 simulacra
1036 2846 1210 2931 lacessunt,

1295 2939 1380 3013 Haee

298 3132 341 3193 38·
360 3124 711 3195 &ornumornum-urm,
727 3128 776 3184 &o
833 3137 939 3194 primns:
959 3125 993 3179 At
1003 3126 1062 3178 dnm
1079 3123 1152 3179 Visos
1165 3140 1210 3192 per
1219 3126 1380 3182 simulachra

243 3139 302 3249 [ii.
312 3194 335 3247 1.
345 3201 432 3261 v.136.
597 3202 599 3206 '
833 3195 895 3258 fiat,
916 3211 960 3262 per
972 3194 1129 3248 simulachra
1142 3196 1248 3257 itidem,
1269 3212 1322 3263 quae
1332 3212 1379 3262 par

265 3308 270 3317 .
298 3264 396 3316 cerm
417 3265 455 3315 uti
471 3264 598 3317 videamur
616 3281 652 3317 eor
670 3265 796 3332 audireque
834 3262 1145 3343 Visuiest,11nnginatio3
1332 3331 1338 3341 .
1359 3330 1365 3344 ι

295 3347 464 3453 Meiiiaiirita
472 3414 572 3467 quorum
583 3400 662 3455 Tellus
675 3359 795 3469 amntem·
833 3338 936 3463 Initii,
947 3328 1380 3477 ᾕρὲἔὲῗτέῗῆῗὲῗῒέοτξὲιῐὸίηᾮὲ.

344 3476 385 3519 tur
397 3464 457 3537 Offir.
833 3484 878 3523 nes
888 3465 1026 3523 lacessirnt:
1045 3466 1144 3532 Nempe
1154 3483 1283 3534 quomam,
1294 3484 1320 3519 v.
1333 3482 1375 3521 11.

275 3543 338 3599 742.
360 3532 510 3603 Conffiunt.)
529 3535 637 3600 Quidam
647 3534 725 3589 cord.
738 3536 797 3587 Con-
832 3537 959 3603 Imagines
970 3532 1170 3603 quaquaversum
1181 3534 1327 3589 oberrantes
1344 3534 1379 3592 {ie

244 3604 325 3669 Μ,
344 3602 500 3672 Lemnium,
833 3605 1042 3657 indormientem
1063 3605 1217 3667 inmittunt,
1238 3606 1304 3657 utin
1315 3605 1379 3658 Ani-

295 3669 793 3739 Ptrtimquaeeonstantexharnmfatia
833 3690 905 3726 munt
924 3674 981 3737 ejus
998 3680 1160 3739 penetrantes
1181 3670 1263 3737 ipsum
1278 3673 1379 3740 pervel-

335 3743 426 3808 figure
832 3740 903 3804 lent,
925 3742 1142 3794 &rerumrerum
1159 3757 1265 3808 quarum
1286 3743 1378 3809 imagi-

275 3820 338 3873 745.
361 3807 511 3879 Convenit.)
532 3807 584 3861 Alii
607 3809 747 3868 Concurrit,
767 3808 793 3861 Ge
832 3807 944 3863 nessunt
960 3809 1167 3877 imaginationem
1181 3819 1275 3862 creent.
1314 3810 1377 3874 Istos

244 3874 270 3929 in
279 3873 397 3945 sequenti
409 3875 485 3932 versu
500 3877 636 3940 decrescit,
656 3892 702 3944 pro
712 3875 796 3929 Haere·
832 3877 895 3931 vero
904 3878 1010 3942 jamdiu
1022 3886 1135 3931 mortuos
1145 3874 1229 3929 cotim
1239 3875 1319 3931 mleffe
1330 3877 1379 3929 fnl-

244 3947 294 3999 seit.
831 3944 1011 4009 (irredimus,
1032 3944 1263 4013 quoniamsensne
1283 3946 1376 4012 quibos
1412 3990 1417 4001 f

274 4026 336 4080 753.
358 4011 795 4081 Haeefieriutmemoro.)1dtotum
832 4012 892 4068 solie
901 4013 999 4068 Verum
1014 4011 1111 4067 arnse
1126 4014 1320 4079 distinguimus,
1342 4013 1379 4067 i'o·
1408 4024 1411 4030 '

244 4082 273 4136 ie
290 4098 342 4150 quo
364 4085 415 4146 iam
431 4083 554 4150 quaeritnr
571 4096 616 4149 per
633 4081 794 4134 simulachra
832 4083 880 4204 oliti
890 4075 1002 4135 officium
1014 4080 1088 4135 sunm
1098 4081 1180 4135 facere
1195 4096 1246 4133 non
1258 4079 1376 4147 poliont3

244 4146 488 4214 effieidemonstrrt‚
508 4166 534 4203 v.
550 4158 574 4207 8.
595 4148 726 4202 Rerenim
737 4149 792 4212 illa,
860 4159 932 4218 orpet
943 4152 1020 4205 etiam
1032 4152 1175 4212 Memoria,
1196 4149 1314 4203 &illum
1333 4152 1377 4218 qni

245 4234 267 4272 r.
283 4234 309 4287 g.
331 4218 401 4282 Leo,
421 4236 497 4287 quem
509 4220 649 4285 cogitamus
661 4256 669 4282 ‚
693 4215 795 4285 prorsus
831 4220 935 4273 videtur
950 4217 1030 4272 arene
1043 4233 1142 4281 coram,
1163 4226 1293 4272 mortuum
1304 4217 1380 4278 iniffe

245 4285 332 4342 fimitis
343 4287 380 4342 eli
388 4287 469 4342 Leoni
484 4287 525 4341 isti
539 4303 614 4355 quern
626 4286 708 4342 oculis
723 4285 798 4341 usur·
831 4287 1181 4364 nonrmpliormcminimue.
