3150 4967
251 447 322 523 342
627 425 670 507 T.
699 423 1003 547 LUCllETII

249 596 342 668 Hinc
362 593 543 679 Flammis,
568 591 658 664 illine
679 593 819 680 Ventis,
843 584 1190 683 Humorequeinilto.
1227 591 1231 598 ’
1297 669 1300 674 ,
1376 594 1389 670 ,”

295 686 373 755 Hoc
388 682 433 755 est
455 681 587 773 igniferi
602 701 754 754 naturam
773 683 935 756 Fulminis
955 681 1056 771 ipsam
1375 673 1387 728 l

249 771 453 860 Perspicere,
481 776 513 845 &
534 774 651 861 quavi
672 770 769 843 faciat
788 796 860 843 rem
878 797 1042 861 quamque
1065 771 1207 844 videre:
1232 779 1238 784 ’

250 866 336 936 Non
357 865 387 934 Τ
389 861 532 950 yrrhena
557 864 647 934 retro
670 863 864 934 volventem
884 864 1030 934 carmina
1058 859 1178 934 frustra

249 953 375 1025 Indicia
393 954 530 1024 occultae
548 953 678 1023 Divum
695 953 882 1041 perquirere
898 954 1032 1037 mentis,

250 1044 350 1115 Unde
372 1044 487 1113 volans
506 1043 595 1129 Ignis
619 1043 827 1128 pervenerit,
851 1060 909 1113 aut
936 1044 972 1112 in
989 1064 1101 1112 utram
1117 1035 1153 1111 se

251 1132 399 1202 Verterit
416 1130 472 1202 hic
492 1149 640 1218 partem,
666 1155 733 1218 quo
754 1135 850 1218 padio
870 1155 927 1218 per
948 1131 1019 1202 loca
1039 1126 1129 1217 septa

251 1219 457 1306 Irrfinuarit‚
483 1223 515 1291 ἃ
535 1218 615 1290 hinc
632 1219 824 1292 dominatus
844 1238 883 1292 ut
903 1221 1057 1292 extulerit
1075 1216 1122 1304 se,

253 1313 388 1397 Quidve
405 1333 524 1380 nocere
543 1331 641 1396 queat
660 1309 701 1380 de
723 1311 808 1382 coelo
832 1307 979 1382 fulminis
1002 1310 1099 1381 irtus.

298 1400 402 1485 Quod
429 1396 454 1468 st
474 1399 604 1486 Jupiter
623 1417 721 1485 atque
740 1399 795 1469 alii
822 1397 981 1486 fulgentia
1000 1398 1070 1470 divi

251 1487 414 1559 Terrifiso
434 1489 587 1576 quatiunt
612 1485 723 1560 sonitu
742 1487 883 1560 coelestia
901 1489 1035 1575 templa,

251 1578 295 1652 Et
317 1579 441 1667 iaciunt
458 1577 585 1666 igneis,
610 1601 679 1666 quo
700 1579 818 1665 cuique
836 1576 875 1647 .'st
894 1602 1036 1665 cumque
1057 1575 1225 1664 voluptas,
1352 1662 1356 1669 Ι

204 1713 209 1740 ¹.
228 1677 233 1716 ¹
252 1670 345 1753 Cur,
371 1668 492 1754 quibus
511 1668 682 1739 incautum
700 1663 802 1739 scelus
825 1664 1002 1738 aversabile
1021 1689 1165 1752 cumque
1182 1661 1238 1752 ’st,

251 1759 337 1831 Non
356 1753 508 1843 faciunt,
534 1758 590 1832 teu·
613 1756 762 1828 flammas
782 1777 821 1828 ut
840 1756 993 1844 Fulguris
1016 1754 1128 1827 halent

251 1848 387 1918 Pediore
409 1844 557 1934 perfixo,
585 1847 749 1917 documen
770 1847 964 1918 mortalibus
984 1846 1087 1918 acre?

252 1939 296 2009 Et
314 1937 425 2024 potiris
445 1939 544 2008 nullae
565 1934 626 2008 fibi
643 1936 748 2022 turpis
776 1932 916 2007 consciu’
934 1936 983 2006 rei

251 2027 411 2097 Volvitur
431 2028 468 2097 in
491 2027 634 2098 flammis
652 2026 838 2111 innoxius,
864 2027 965 2113 inque
981 2024 1126 2112 peditur,

251 2114 403 2187 Turbine
421 2116 540 2186 coelesti
564 2113 679 2186 subito
704 2133 880 2203 conreptus
902 2118 935 2187 ἃ
952 2115 1022 2202 igni
1038 2115 1055 2186 1²

298 2205 369 2276 Cur
388 2205 485 2276 etiam
503 2207 575 2276 loea
597 2202 664 2277 sola
684 2222 826 2295 petunt,
850 2200 1033 2294 frustraque
1054 2199 1237 2276 tabonnt?
1257 2211 1376 2364 inm

1328 2307 1379 2360 oon

254 2581 701 2721 ,attatinlstnmtu
717 2584 806 2722 ,inl
839 2577 1382 2724 tritrdazttalrllttmuu

253 2722 379 2781 insultam
399 2723 488 2786 Istuc,
509 2725 604 2789 inquit,
624 2670 660 2775 el
675 2719 738 2775 scire
751 2739 806 2790 qua
839 2731 894 2788 tat,
916 2740 975 2777 nam
995 2720 1044 2775 nist
1061 2720 1104 2773 Dii
1121 2717 1275 2784 jaculentur
1294 2713 1382 2792 Fului:

253 2789 391 2844 natssfafit
408 2792 560 2850 Fulminis,
581 2792 632 2843 &e
653 2792 720 2856 quod
740 2808 807 2844 nun·
840 2809 889 2855 na,
909 2790 982 2845 nulla
1001 2789 1037 2844 est
1054 2788 1206 2842 Divinatio:
1234 2786 1265 2840 Si
1278 2781 1382 2838 verolln

254 2875 331 2926 quam
358 2861 385 2911 in
411 2859 502 2911 vestris
529 2858 602 2911 libris
626 2859 808 2912 deliramento·
840 2863 1016 2923 emitterent,
1044 2873 1091 2913 cnr
1116 2855 1243 2910 Scelerati
1268 2853 1383 2929 Homines

253 2943 312 2978 rum
331 2927 414 2993 plenis
432 2927 583 2994 reperietis:
613 2926 688 2979 rema
706 2932 808 2979 volven-
840 2929 946 2991 inraret,
972 2928 1125 2981 Innocentes
1152 2923 1217 2978 vero
1237 2919 1304 2990 serpe
1327 2935 1382 2988 pen·

253 3004 319 3048 triu.
348 2996 374 3047 id
390 2995 444 3056 cst,
473 2995 587 3062 dcapite
604 2997 635 3049 ad
652 2995 764 3056 calcem,
793 2995 806 3047 d
841 2997 975 3051 muntur?
994 2996 1063 3061 Quid
1076 2991 1179 3061 proiicit
1197 2992 1319 3058 Jupiter,
1335 2986 1382 3068 cin

254 3061 323 3116 calce
341 3064 371 3116 ad
385 3072 462 3131 caput
478 3063 626 3126 volvendo,
647 3064 805 3118 revolvendo
840 3067 867 3117 in
884 3063 994 3119 desertas
1012 3063 1162 3118 solitudines
1175 3059 1293 3113 Fulmen
1307 3053 1382 3136 jacit-t

253 3131 336 3185 aniles
355 3132 414 3185 istos
430 3132 509 3187 libros
530 3151 593 3202 quos
610 3133 746 3203 Tyrrheni
764 3130 807 3184 seu
841 3133 910 3198 Quid
926 3132 985 3187 cum
1007 3134 1035 3186 in
1050 3132 1163 3186 medium
1184 3127 1288 3183 Mare?
1327 3121 1383 3190 Qui

254 3199 335 3255 Tusci
347 3203 525 3257 condiderunt.
562 3204 648 3256 Faber.
668 3200 744 3255 Nihil
757 3201 807 3254 diei
841 3200 945 3255 crimin
964 3199 1096 3256 altillimos
1115 3206 1240 3259 montes,
1263 3191 1383 3265 quodplt·

253 3272 340 3340 P⁰t¹¹st
355 3271 480 3337 bfcvffiss
500 3280 545 3327 ²1st
564 3269 717 3340 elegantiits.
840 3288 950 3338 rumque
970 3269 1024 3325 fit?
1052 3269 1105 3323 Cur
1122 3267 1234 3335 denique
1247 3259 1384 3319 nullumi·

290 3365 347 3421 380.
373 3354 524 3423 Tyrrhena.)
560 3354 646 3421 Tages
670 3353 739 3406 enim
756 3349 809 3419 (ut
841 3358 874 3394 ne
889 3339 1010 3393 Nubrlrus
1027 3336 1165 3420 liulmen?
1198 3335 1259 3416 §nr
1276 3331 1384 3415 suarem·
1412 3391 1414 3398 ,

254 3424 283 3474 n
306 3424 380 3477 ritas
411 3423 446 3478 eft
463 3419 674 3488 aletrannum)
701 3421 729 3473 tn
747 3436 808 3489 agro
841 3409 884 3476 ala
905 3416 982 3489 arque
1000 3407 1109 3488 auorum
1122 3399 1385 3486 nummumstnua

255 3490 439 3557 Tarquinienli
459 3493 518 3547 cum
536 3503 605 3548 terra
623 3496 759 3552 araretur,
781 3491 808 3542 dt
842 3479 902 3531 ebra
927 3474 1063 3558 dlscutdu?
1099 3473 1151 3527 ch
1173 3471 1266 3553 ³mult?
1290 3477 1383 3553 aculeis

255 3557 341 3612 sulcus
360 3559 421 3614 effes
441 3562 520 3616 attins
538 3557 689 3629 impressus,
710 3556 809 3612 extitis-
841 3546 924 3601 multa
942 3547 973 3600 ad
992 3542 1132 3598 ridiculum
1154 3541 1224 3593 diua
1244 3555 1369 3594 inventes

254 3626 280 3682 se
306 3628 410 3693 repente
431 3632 553 3690 dicitur,
584 3632 609 3684 a
632 3625 808 3695 Haruspicina
877 3644 934 3702 335,
963 3635 1017 3688 Alii
1040 3630 1142 3701 Divi.)
1178 3628 1346 3686 Thuscomm
1359 3626 1386 3680 li·

256 3696 394 3763 discipline
413 3707 537 3766 praecepta
562 3695 717 3753 tradidill'e:
746 3696 805 3749 Vid.
840 3718 900 3760 (οη
923 3721 1017 3758 novem
1043 3703 1112 3756 Deos
1137 3699 1252 3756 Fulmen
1277 3703 1386 3754 emittm

256 3765 388 3821 Ciceronis
404 3765 448 3819 lib.
465 3767 500 3819 ll.
523 3769 553 3821 ile
570 3768 687 3821 Divinat.
716 3767 742 3820 dt
756 3765 809 3818 Lu·
840 3774 1001 3829 existimant:
1038 3772 1151 3834 Plinius,
1172 3769 1218 3826 lib.
1232 3769 1269 3824 11.
1287 3781 1384 3839 eap.52·

255 3835 682 3903 cassll¹b·1·v·530‚587›606·
841 3844 987 3906 Ammius,
1019 3858 1046 3909 p.
1068 3856 1126 3893 122.
1162 3840 1220 3896 Diri
1238 3858 1327 3893 novun
1344 3835 1387 3902 ,lr-

293 3929 349 3984 382·
372 3918 438 3972 Hinc
450 3922 590 3972 Dominatm
599 3929 626 3973 ut
641 3918 808 3985 extuleritse.)
837 3917 901 3983 piter
922 3910 1056 3979 potestatem
1077 3910 1186 3975 jaciendi
1204 3909 1253 3972 sui
1277 3905 1386 3961 Fului&

255 3986 323 4041 Nam
342 3990 440 4043 reditus
452 3989 581 4043 Fulminis
596 3986 707 4042 maxime
726 3985 810 4040 obser·
838 3983 951 4051 permisit.

256 4056 373 4110 vabatur.
876 4065 934 4118 390.
964 4045 1091 4118 Heleni.)
1129 4046 1202 4112 Alii,
1223 4047 1331 4100 Edant:
1357 4037 1387 4092 El

294 4132 350 4189 386.
370 4125 603 4195 paternum,
623 4126 691 4190 ac.)
727 4123 810 4178 vern.
840 4140 866 4174 v.
887 4131 945 4188 nr.
981 4121 1040 4191 Quo
1066 4117 1300 4186 intantumque
1325 4113 1387 4166 ul*

256 4193 305 4246 bus
320 4200 359 4256 36.
376 4196 456 4261 Jovi‚
476 4193 583 4263 aliisque
593 4196 648 4248 Diis
659 4197 736 4263 eripit
748 4194 810 4248 Ful·
838 4204 899 4263 ptos.

257 4265 346 4328 mina,
377 4267 471 4333 quibus
498 4283 551 4319 non
580 4261 640 4318 latis
670 4266 811 4333 prudenter
