3150 4967
254 445 306 528 76
628 433 672 512 T.
699 432 1003 515 LUCRETH

255 594 432 672 Sufficiunt
448 598 545 671 nobis
554 649 566 685 ,
592 596 806 689 &splendida
823 601 950 671 lumina
968 601 1064 674 Solia
1258 657 1261 665 .

298 688 473 775 Multaque
492 706 645 777 praeterea
665 712 822 776 magnum
841 713 896 777 per
916 692 1018 763 Inane
1031 705 1223 779 vagantur,
1323 705 1326 710 '
1367 733 1377 742 -

254 776 543 850 Conciliis'rerum
563 802 636 865 quae
654 774 730 848 sunt
746 780 883 865 rejecta,
910 803 970 849 nec
991 776 1129 867 usquam

255 863 559 939 Consociareetiam
570 885 680 938 motus
697 885 834 953 potuere
859 889 1008 955 receptat

253 956 379 1044 Cujus,
403 959 454 1027 uti
473 980 645 1039 memoro,
670 958 717 1026 rei
738 954 967 1041 limulacrum,
995 956 1162 1047 &imago

251 1046 339 1117 Ante
359 1046 471 1116 oculos
491 1041 615 1131 semper
635 1044 731 1116 nobis
751 1042 918 1132 versatur,
946 1049 978 1117 &
1002 1045 1109 1117 instat

252 1134 501 1226 Contemplator
521 1136 630 1219 enim,
655 1158 731 1205 cum
755 1135 840 1207 Solis
858 1135 985 1207 lumina
1006 1158 1136 1222 cunque

250 1220 401 1296 Insertirn
423 1218 568 1293 fundunt
588 1222 697 1294 radios
712 1246 769 1309 per
796 1249 895 1311 opaca
913 1224 1109 1295 domorum:
1174 1303 1178 1312 ¹
1384 1279 1414 1322 ξ,

250 1312 359 1385 Multa
379 1311 508 1381 minuta
530 1312 638 1383 modis
654 1312 765 1384 multis
785 1337 843 1401 per
861 1315 962 1385 Inane
984 1313 1113 1384 videbis
1305 1327 1326 1406 t,
1396 1336 1414 1388 ,ἐ

250 1401 398 1487 Corpora
415 1397 541 1470 misceri
563 1402 730 1473 radiorum
749 1403 874 1472 lumine
893 1403 931 1473 in
950 1398 1038 1489 ipso:

198 1489 202 1496 ’
249 1488 294 1561 Et
314 1491 405 1561 velut
417 1510 543 1574 aeterno
562 1491 736 1561 certamine
752 1492 888 1578 proelia,
918 1488 1106 1580 pugnasque

249 1577 354 1652 Edere
377 1579 548 1650 turmatim
567 1580 742 1651 certantia:
768 1604 829 1651 nec
849 1581 926 1651 dare
944 1577 1098 1668 paulam,

252 1665 431 1753 conciliis,
457 1664 641 1740 &discidiis
662 1669 802 1740 exercita
818 1669 957 1740 crebris:

249 1758 423 1849 Conjicere
438 1775 477 1828 ut
499 1755 597 1846 posits
619 1783 660 1828 ex
679 1756 764 1843 hoc,
790 1758 973 1829 Primordia
992 1780 1127 1843 rerum,

250 1847 358 1933 Quale
381 1844 439 1932 fit,
464 1849 500 1918 in
519 1870 640 1936 magno
659 1848 771 1936 jaetari
789 1843 914 1935 semper
932 1848 1048 1931 Inani,

248 1938 422 2007 Duntaxat
441 1961 555 2008 rerum
572 1960 768 2024 magnarum
784 1961 886 2023 parva
906 1934 1011 2024 potest
1031 1959 1085 2006 res

247 2025 440 2111 Exemplare
460 2026 536 2097 dare
545 2076 557 2113 ,
584 2029 617 2096 ἃ
634 2022 767 2113 vestigia
785 2027 926 2096 notitia'i.
1341 2069 1358 2144 ρ

291 2116 367 2186 Ηοο
384 2118 482 2184 etiam
501 2116 603 2203 magis
624 2111 703 2184 haec·
714 2116 863 2185 animum
885 2132 917 2186 te
939 2113 1109 2185 advertere
1125 2133 1183 2201 par
1204 2109 1256 2186 eil

223 2208 225 2212 ’
248 2202 397 2290 Corpora
412 2227 484 2291 quae
501 2204 537 2273 in
558 2203 643 2277 Solis
654 2202 752 2275 radiis
772 2205 904 2276 turbare
926 2203 1102 2276 videntur:
1380 2217 1382 2222 '

281 2480 791 2550 108.Multopuepraetrreo‚&e.)Prae·
825 2489 932 2536 emant:
1336 2529 1341 2542 ,

244 2558 286 2605 ter
295 2550 340 2603 illa
352 2552 471 2609 Semina,
490 2567 544 2617 quae
559 2550 685 2609 brevibus
702 2548 789 2617 spatiis
860 2567 918 2605 120.
941 2546 1094 2616 conjicere.)
1115 2547 1244 2617 Corripere,
1261 2543 1370 2605 B-nihil

244 2617 393 2674 resultantia
408 2621 436 2671 in
457 2618 520 2670 dura
537 2620 563 2671 81
581 2616 659 2671 solida
677 2619 790 2686 Corpora
824 2620 996 2684 mutandum,
1016 2634 1062 2671 nec
1073 2616 1245 2681 illosmoror‚
1284 2619 1316 2672 ni
1330 2633 1372 2687 pro

243 2688 447 2750 connectuntur,
468 2689 493 2740 ἃ
508 2686 553 2738 ilia
564 2704 619 2762 qua
635 2688 733 2754 maguis
745 2704 789 2741 va·
813 2689 904 2756 ¹Quale
912 2689 939 2740 in
949 2685 1064 2755 sequenti
1075 2682 1148 2740 versu
1157 2634 1373 2754 legunthm'doe

243 2756 347 2822 gantia,
368 2754 644 2821 &longerccurlantia
657 2754 744 2808 mollia
761 2759 786 2809 dc
860 2770 917 2820 124.
936 2756 991 2809 Hoc
1001 2759 1071 2808 etiam
1079 2757 1174 2821 magis,
1188 2750 1268 2820 dte.)
1299 2753 1381 2812 sini·

242 2839 300 2876 rara
307 2822 582 2890 Corpotaconllituunt
596 2840 605 2883 3
624 2822 683 2877 Alia
690 2822 787 2877 suntab
822 2822 974 2889 titudinem,
994 2824 1051 2888 Qua
1067 2831 1151 2877 motus
1161 2822 1300 2876 seminum
1314 2823 1372 2878 inu-

241 2893 313 2943 omni
325 2908 394 2945 nexu
407 2894 432 2944 &
445 2892 606 2945 concretione
619 2891 700 2945 libera
715 2895 741 2946 &
752 2894 787 2945 ir-
822 2890 961 2957 straverat,
981 2910 1008 2946 v.
1025 2906 1066 2956 17.
1084 2893 1112 2943 in
1120 2897 1306 2957 argumentum
1318 2907 1372 2946 vu·

241 2960 372 3025 requieta,
391 2976 445 3027 quae
454 2959 512 3012 aliis
522 2957 670 3023 incursant,
690 2962 717 3015 tc
728 2977 784 3027 pet·
822 2961 873 3020 tin
892 2960 1061 3015 lstaramentt
1078 2959 1106 3011 in
1120 2955 1178 3011 solie
1190 2957 1269 3011 radiis
1277 2959 1370 3023 instate

240 3027 320 3096 petuo
340 3036 460 3086 vexant;
495 3027 576 3082 Porrd
598 3037 630 3083 ut
645 3029 785 3099 ostenderet
822 3030 900 3082 variis
911 3028 1066 3097 diversisque
1076 3026 1186 3080 motibus
1199 3028 1371 3093 agitarivide·

240 3095 311 3165 quali
317 3094 482 3153 similitudine
492 3098 599 3163 quadarn
607 3114 744 3164 perennem
754 3098 785 3150 il·
821 3115 896 3162 mus,
915 3097 1031 3151 modoad
1044 3095 1137 3149 lineam
1154 3095 1288 3149 tendentia
1297 3097 1371 3152 refle-

239 3165 291 3219 lam
300 3165 474 3235 agitationem,
487 3181 537 3233 qna
545 3164 630 3220 Atomi
643 3175 715 3220 extra
725 3183 785 3219 con-
822 3166 873 3231 eti,
893 3165 967 3220 modi)
980 3167 1010 3219 ad
1025 3166 1156 3226 dextram,
1175 3162 1295 3218 modoad
1312 3163 1372 3219 finl-

239 3236 366 3290 cretioues
391 3234 532 3301 perinane
549 3233 618 3303 quast
630 3243 784 3289 exercentur
821 3234 915 3299 stram,
934 3236 962 3287 in
970 3251 1057 3287 ornnes
1066 3234 1175 3301 denique
1184 3239 1270 3299 partes
1281 3237 1370 3288 move·

238 3320 265 3358 v.
286 3309 326 3358 16.
346 3304 461 3358 imitatus
481 3304 658 3356 Democritum
676 3302 784 3369 Leucip-
820 3305 862 3355 ri:
880 3304 949 3357 Dtun
959 3302 1021 3357 veri)
1032 3303 1125 3355 Omnia
1133 3301 1246 3367 Corpora
1261 3301 1368 3361 eandem
1386 3321 1389 3328 ·

237 3371 412 3441 pumqueest,
432 3374 493 3425 dum
504 3371 637 3426 Aristotele
655 3371 782 3426 referente
820 3374 915 3425 lineam
925 3370 1021 3439 semper
1031 3369 1141 3434 servent,
1162 3368 1209 3422 nifi
1219 3368 1251 3421 ab
1259 3377 1368 3426 externo

238 3441 551 3507 compararuntdtonos‚
572 3456 630 3493 cum
640 3441 737 3493 vocatis
751 3440 782 3493 il·
819 3442 865 3504 vi,
886 3441 928 3495 vel
945 3442 1047 3495 interna
1056 3437 1100 3494 lua
1108 3439 1234 3507 gravitate
1252 3436 1305 3490 alio
1321 3438 1368 3494 fle‘

237 3506 270 3561 lie
287 3509 409 3562 ramentis
421 3506 609 3575 corpusculisve
619 3526 664 3575 per
675 3512 777 3571 aerem,
819 3510 935 3571 llantur,
955 3508 1087 3563 fatendum
1098 3504 1260 3575 estquosdam
1269 3503 1367 3564 fineffe

235 3570 387 3651 alpertum
406 3582 429 3636 ir
459 3583 515 3635 ταῖς
544 3574 584 3635 nl
611 3584 656 3637 eoin
675 3578 781 3654 inerim
819 3580 1053 3642 Seminummotus,
1073 3576 1135 3630 licet
1144 3576 1225 3629 oculis
1233 3576 1366 3629 cerniaco

235 3646 354 3706 inrito,
372 3663 426 3713 quae
440 3643 498 3699 lunt
516 3647 545 3697 in
561 3642 620 3699 solit
636 3647 712 3699 radiis
735 3664 780 3714 per
817 3646 927 3715 possint,
943 3640 1367 3715 qutnaecnamentaucnpuscu·

235 3717 326 3783 januas
337 3713 490 3768 fenestrasve
499 3715 613 3778 trajectis
621 3713 762 3782 conspicua.
817 3716 842 3769 la
859 3718 956 3783 agitent
978 3717 1003 3770 dt
1026 3722 1181 3768 exerceant:
1200 3708 1282 3766 Causa
1295 3713 1365 3766 enim

271 3798 328 3849 114.
348 3781 493 3854 Insertim.)
513 3784 623 3847 Quidam
635 3784 713 3837 Codd.
734 3786 779 3838 Iu·
816 3785 1027 3852 prirnariaomnis
1036 3790 1137 3846 motus,
1159 3781 1362 3849 &agitationis‚

227 3854 380 3915 sertirodii:
399 3868 453 3919 qua
461 3851 536 3905 lectio
543 3853 645 3906 videtur
655 3851 723 3919 polle
733 3854 778 3906 ali·
816 3870 972 3922 quacunque
980 3854 1007 3906 in
1016 3849 1093 3907 rebus
1100 3847 1264 3913 observatur,
1285 3848 1364 3909 estin

234 3938 285 3989 quo
295 3922 369 3974 modo
385 3918 496 3973 &Servio
505 3919 665 3983 confirmari,
685 3923 729 3989 qui
747 3923 777 3975 ad
814 3922 873 3990 iplis
883 3922 1037 3976 Seminibus.
1090 3982 1093 3986 ,

232 3998 260 4043 6.
270 3988 326 4043 Ecl.
336 3989 390 4043 Vir.
403 3986 643 4043 scribiteLueretio
653 3991 705 4042 haec
716 3991 778 4044 Cor·
851 4006 907 4056 ης.
932 3987 1072 4057 anlrare.)
1094 3986 1263 4049 Tamudaei,
1285 3986 1362 4040 Erro·

232 4057 427 4125 puleulairp‘rfir
434 4075 479 4125 per
486 4057 620 4113 fenestram
635 4059 708 4112 radiis
717 4057 777 4113 solis
813 4078 855 4123 rt,
875 4060 983 4114 Terent.
1001 4059 1104 4113 Phoron
1127 4056 1183 4109 dum
1194 4072 1222 4105 ne
1232 4056 1361 4119 reducam,
1377 4093 1381 4098 .

232 4129 323 4183 videri.
813 4129 933 4189 turbent,
954 4130 1025 4197 pretim
1045 4128 1138 4181 velint:
1157 4122 1280 4176 Turbent
1298 4123 1312 4186 (
1322 4124 1363 4175 in·
1405 4132 1414 4148 ¹

268 4209 325 4261 114.
347 4192 773 4263 PeropocoDomorum.)1talege‚
812 4199 868 4265 quit
885 4195 1022 4265 Donatus)
1048 4195 1162 4260 Errent‚
1183 4191 1361 4247 Tumultuen-
1403 4219 1414 4234 ⁴

232 4282 279 4321 nec
290 4264 349 4319 illos
359 4265 418 4318 audi
428 4302 436 4328 ,
447 4264 492 4342 qui
502 4266 638 4333 rouperto
645 4265 776 4318 Donrorom
788 4284 797 4383 Ι
811 4276 863 4324 tur.
882 4267 986 4322 Lucret.
1002 4264 1081 4321 insrrl.

1309 4328 1368 4385 Aul
1411 4333 1414 4344 '
