3150 4967
463 468 647 552 LIBER
689 468 935 551 SEXTUS.
1083 508 1086 514 ·
1187 484 1252 566 361

242 666 256 712 a
279 637 393 711 videre
414 638 490 711 licet
510 662 610 727 quam
629 639 744 711 multae
762 635 827 711 smt
844 637 986 711 Homini
1004 661 1057 712 res
1130 728 1133 732 ‚

242 728 385 802 rinfesto
403 726 520 815 sensu,
544 727 751 818 spurcaeque,
777 726 965 817 gravesque.
1125 732 1129 738 ’

242 821 310 891 ibus
333 820 479 909 primirm
502 822 597 891 certis
618 820 724 909 gravis
744 820 862 889 umbra
882 817 1067 907 tributa’st,

242 910 345 997 adeo,
371 910 483 996 capitis
498 906 618 981 faciant
635 930 675 981 ut
692 906 775 995 saepe
793 910 945 993 dolores,

242 1026 256 1071 s
282 1024 335 1070 eas
353 996 466 1069 subter
488 999 587 1087 iacuit
607 998 786 1086 prostratus
806 1000 843 1068 in
862 996 984 1069 herbis.
1197 1012 1262 1089 785

246 1091 346 1160 etiam
366 1091 401 1159 in
420 1089 547 1177 magnis
562 1080 734 1160 Heliconis
754 1087 927 1159 montibus
949 1087 1047 1160 arbos

250 1179 352 1251 odore
371 1177 543 1249 hominem
564 1196 650 1249 tetro
671 1174 824 1249 consueta
846 1177 973 1249 necare.
1060 1234 1062 1238 .

245 1287 259 1340 t
277 1266 348 1339 haec
366 1269 441 1340 ideo
462 1269 575 1340 Terris
594 1291 636 1338 ex
663 1268 777 1339 onmia
794 1265 934 1356 surgunt

261 1359 369 1429 modis
389 1357 502 1429 multis
523 1356 702 1429 multarum
724 1358 858 1430 Semina
870 1380 1005 1442 rerum,

251 1446 402 1534 permista
421 1449 504 1536 gerit
522 1448 657 1532 Tellus,
682 1444 884 1534 discretaque
905 1447 1012 1519 tradit.
1197 1469 1264 1536 790

242 1542 454 1625 Elurnumque
473 1559 585 1607 recens
604 1538 789 1608 extiudlum
815 1539 969 1623 Lumen,
992 1535 1138 1609 ubiacri
1192 1607 1196 1617 ,

243 1652 260 1697 e
281 1620 421 1698 offendit
443 1627 550 1698 nareis
570 1624 718 1714 consopit
738 1623 884 1711 ibidem,
930 1629 937 1646 ⁰
1023 1663 1026 1703 r

242 1718 281 1786 re
297 1732 336 1788 ut
355 1739 480 1804 pronos
501 1716 559 1803 qui
577 1715 714 1788 morbus
732 1713 815 1803 saepe
834 1712 953 1786 sue'vit.

242 1806 396 1893 ioreoque
413 1807 505 1893 gravi
523 1806 649 1878 Mulier
669 1802 773 1892 sopita
791 1804 956 1875 recumbit
966 1853 979 1890 ,

242 1895 343 1966 nibus
360 1895 505 1967 nitidum
523 1897 643 1967 teneris
665 1919 749 1982 opus
771 1893 884 1967 effluit
903 1894 969 1978 eii,
1201 1915 1268 1986 y95

242 2009 297 2070 ore
316 2010 356 2055 eo
374 1983 399 2056 sr
419 1985 555 2056 odorata
576 1984 613 2054 'st
632 2008 698 2072 quo
728 1982 894 2055 menstrua
917 1981 1026 2054 solvit.

242 2076 351 2162 ltaque
370 2094 526 2163 praeterea
543 2074 731 2164 languentia
748 2074 897 2145 membra
917 2096 975 2160 per
993 2088 1084 2146 artus

242 2183 294 2245 nt,
319 2183 417 2253 atque
437 2164 592 2237 Animam
610 2159 807 2236 labebtlant
827 2162 956 2234 sedibus
977 2164 1079 2235 intus.

241 2255 331 2340 rique
343 2303 355 2340 ,
381 2250 405 2325 sl
423 2254 461 2325 in
485 2254 596 2326 calidis
618 2254 718 2325 ctiam
739 2257 890 2325 cunctere
917 2253 1076 2340 lavacris,

242 2367 264 2412 r
288 2340 421 2450 &psolio
438 2345 476 2415 in
493 2340 595 2416 fueris
613 2340 771 2415 ferventis
789 2354 906 2430 aquai:
1204 2357 1272 2428 800

242 2459 251 2503 r
274 2430 366 2504 facile
384 2434 421 2504 ln
440 2433 552 2508 medio
569 2431 612 2505 fit
627 2435 679 2505 uti
699 2433 756 2503 des
773 2430 856 2519 saepe
876 2432 1018 2506 ruinas?

242 2522 439 2610 bonumque
458 2524 568 2611 gravis
582 2524 659 2614 vis,
684 2540 783 2610 atque
805 2522 889 2594 odor
908 2519 1091 2593 infinuatur

242 2610 360 2685 rincile
379 2614 415 2685 in
432 2612 624 2700 cerebrum,
655 2609 717 2685 uisi
740 2631 861 2701 aquam
879 2611 1095 2701 praecepimus
1115 2610 1218 2683 ante?
1293 2624 1295 2628 '

1227 2752 1273 2852 pt

250 3036 382 3109 spurco.)
416 3037 540 3095 nouae:
571 3042 683 3095 Nonius
775 3038 915 3095 Nidoreat
929 3036 1030 3094 somnos
1045 3041 1087 3109 qui
1103 3041 1198 3094 morlia
1213 3041 1273 3096 mit-

242 3106 352 3177 sequenti
373 3107 467 3174 versu,
502 3110 625 3176 Infelicem
631 3111 687 3173 sen·
825 3109 983 3171 tetefireoit
1194 3131 1197 3136 Δ

242 3177 376 3239 ambitus,
397 3177 583 3250 Infessaesenlu,
603 3180 629 3233 id
639 3179 684 3247 est,
725 3178 865 3246 nepetino
879 3194 932 3238 uox
948 3179 1058 3241 Nidore,
1077 3185 1108 3232 ut
1121 3175 1183 3245 saepe
1200 3176 1272 3231 aliis.

260 3255 287 3300 at
305 3246 373 3301 nihil
389 3248 549 3302 mutandum.
726 3248 777 3301 Iste
794 3254 881 3300 autem
899 3246 1010 3300 Morbus
1033 3249 1076 3313 qui
1094 3248 1202 3300 Somnos
1218 3244 1274 3299 lue-

250 3315 372 3369 Hrlicomi
382 3318 499 3368 momibus
513 3314 688 3384 arbos.)Quae·
726 3319 767 3371 vit
793 3317 917 3379 mittere,
943 3314 1095 3383 Lethargus.
1134 3315 1272 3379 Gifnnius,

242 3400 260 3436 ‚a
278 3382 329 3447 fit,
354 3384 509 3438 divinabant
527 3383 587 3439 olii:
624 3386 689 3450 Qui·
728 3384 833 3440 reoda.

242 3452 364 3507 tistimant
381 3451 431 3508 effe
449 3453 567 3516 Toxum,
585 3451 689 3509 sedeur
777 3456 914 3519 Dirjicere,
933 3460 961 3505 ut
979 3452 1067 3520 privos
1080 3454 1123 3521 qui
1133 3452 1276 3517 nrorlrussae·

255 3521 409 3576 Heliconem
427 3518 565 3577 mitteret?
596 3524 688 3579 Taxus
828 3522 959 3591 pesu'e'vit:

242 3591 352 3713 rfiqrtieras
372 3600 427 3714 efer
444 3589 473 3645 in
488 3591 687 3717 ¹t³¹³},³‚¹}55¹¹2
728 3591 779 3673 Pro
796 3591 889 3713 siff
905 3590 956 3657 leg.
975 3590 1083 3711 Ξνῖηοε,
1121 3591 1147 3646 dt
1172 3598 1229 3710 uim
1247 3606 1277 3644 ea

242 3676 383 3850 ‚233¹ss
403 3676 452 3714 ⁶¹¹⁰
470 3677 552 3716 '¹⁰¹¹‘
582 3699 611 3813 ἰ
635 3666 691 3717 ’Μ’
729 3668 1276 3810 illinirssniiiini?illidiieiiif

242 3798 304 3934 >in
323 3814 545 3920 cottabi:
559 3800 691 3935 illd?
722 3798 1145 3947 ·t¹ll2tttltltttli⁰'²’”m
1165 3801 1278 3851 ⁰⁰'⁷'¹'²“'

242 3950 273 3989 os
291 3932 379 3990 versus
396 3936 434 3990 ita
454 3932 559 4003 refingit
575 3938 670 4000 Echo,
764 3950 825 4001 795·
846 3936 965 3988 Nimium
980 3933 1069 4003 opus.)
1088 3934 1174 3998 Tela,
1195 3935 1221 3988 dc
1238 3949 1279 3988 re-

242 4002 393 4072 ilronumque
403 4023 482 4059 recem
497 4006 628 4059 extinl‘lum
641 4007 693 4062 Lu·
730 4004 802 4073 liqua
820 4005 851 4057 ad
865 4001 1006 4059 lanificium
1025 4004 1190 4071 pertinentia.

242 4090 314 4137 men,
333 4075 375 4127 ubi
389 4076 441 4127 atri
766 4083 824 4131 800.
847 4074 943 4127 Plenior
957 4073 991 4136 Εἴ
1002 4074 1100 4138 ficari,
1130 4073 1204 4136 lito.)
1240 4073 1278 4128 Dc

242 4142 290 4195 lore
304 4140 400 4210 visendis
414 4160 498 4209 nura,
524 4160 566 4197 con
577 4145 627 4212 opit
645 4144 693 4199 ilri-
731 4142 853 4211 Deliquio
863 4144 930 4211 quod
939 4142 1003 4196 Cibo
1023 4142 1125 4197 distenti
1143 4143 1170 4195 in
1186 4142 1279 4196 balneo

305 4247 315 4277 ,
731 4212 877 4282 patiuntur,
896 4208 1123 4280 Juvenalissaepe,
1143 4211 1277 4276 Horatius,

243 4211 296 4265 m
910 4280 936 4337 Y
1205 4280 1256 4335 ΑΓ

954 4295 969 4348 ς
1238 4297 1274 4337 11:
