3150 4967
472 437 651 519 trata
693 409 997 535 octavus.
1100 457 1107 470 ,
1233 462 1303 537 251

173 608 279 682 Ulcus
300 606 389 677 enim
410 602 568 691 vivescit,
597 610 630 677 u
649 603 857 678 inveterascit
876 606 1005 694 alendo,

175 701 280 785 Inque
302 698 374 768 dies
394 693 497 784 gliscit
516 693 629 781 furor,
653 714 752 783 atque
770 721 920 767 aerumna
938 694 1108 784 gravescit,

180 791 212 860 si
233 812 303 858 non
325 788 432 873 prima
448 787 547 855 novis
570 785 747 857 conturbes
768 788 904 857 vulnera
924 788 1036 874 plagis,

182 877 426 965 Volgivagaque
443 898 547 963 vagus
566 876 698 946 Venere
716 894 793 957 ante
811 880 953 947 recentia
973 901 1076 957 cures,

182 968 245 1041 lut
265 968 329 1038 alio
347 964 444 1051 pollis
456 966 570 1038 llnimi
587 966 756 1036 traducere
770 986 893 1036 motus.
1226 976 1312 1058 1065

184 1083 192 1100 ⁴·
223 1058 298 1129 Nec
318 1056 458 1125 Veneris
478 1051 589 1125 fructu
610 1057 773 1140 caretis,
799 1055 855 1142 qui
875 1054 959 1126 vitat
977 1080 1144 1127 amorem:

183 1146 242 1219 Sed
264 1146 395 1232 potius,
422 1141 587 1229 quaesunt
606 1142 674 1213 stne
695 1169 817 1231 prena,
843 1144 1016 1215 commoda
1036 1144 1146 1219 sumit.

183 1237 268 1307 Nam
289 1252 398 1318 certa,
421 1235 552 1321 &pura
574 1229 724 1304 estxsanis
744 1235 846 1321 magis
865 1234 941 1305 inde
962 1237 1128 1324 voluptas,

184 1328 294 1413 Quam
315 1319 462 1408 miseris,
488 1323 774 1409 etenimpotiunndi
795 1342 942 1411 tempore
964 1322 1087 1413 inipso

185 1416 337 1486 Flusluat
358 1414 489 1483 incertis
503 1412 669 1483 erroribus
692 1412 790 1482 ardor
810 1415 1014 1484 Amantum:
1229 1440 1316 1506 1070

180 1506 253 1578 Nec
273 1501 400 1579 constat
423 1502 503 1589 quid
525 1503 672 1588 primum
690 1503 815 1587 oculis,
842 1501 1056 1591 manibusque
1074 1502 1238 1578 fruantur.

182 1591 289 1681 Qtod
308 1594 427 1679 petiere
450 1611 605 1678 premunt
625 1594 738 1677 arde,
773 1589 963 1679 faciuntque
984 1595 1134 1666 dolorem

181 1683 364 1771 Corporis,
391 1684 424 1751 ἃ
444 1682 568 1751 denteis
588 1681 734 1752 inlidunt
752 1678 835 1768 saepe
860 1682 992 1754 labellis.

180 1770 374 1857 Osculaque·
391 1768 560 1856 adfigunt,
590 1772 667 1857 quia
688 1794 757 1840 non
781 1770 827 1841 est
847 1796 929 1858 pura
957 1774 1134 1859 voluptas:

177 1863 222 1936 Et
246 1860 369 1932 stimuli
389 1844 547 1944 subsunt,
572 1861 629 1946 qui
652 1857 808 1946 instigant
825 1861 941 1931 laedere
958 1860 1112 1949 idipsum,
1231 1883 1318 1958 1075
1345 1911 1348 1920 «

178 1951 416 2041 Qvodcunquc
440 1948 512 2034 est,
538 1950 644 2020 rabies
667 1948 756 2030 unde
775 1950 839 2019 illae
862 1952 1011 2038 germina
1031 1950 1178 2041 surgunt.

178 2041 247 2115 Sed
268 2040 386 2124 leviter
404 2052 518 2127 poenas
538 2037 661 2126 frangit
685 2040 803 2110 Venus
825 2041 911 2111 inter
941 2042 1110 2130 Amorem,

176 2130 370 2216 Blandaque
389 2126 541 2199 refraenat
564 2127 693 2199 morsus
722 2128 858 2199 admista
886 2129 1051 2217 voluptas.

223 2220 385 2305 Namque
403 2220 440 2289 in
459 2243 499 2302 eq
518 2214 588 2305 spes
606 2216 673 2300 est,
699 2218 787 2288 unde
806 2218 844 2289 ’st
861 2219 987 2291 ardoris
1009 2222 1115 2310 origo,

177 2307 358 2395 Restingui
376 2332 508 2395 quoque
530 2304 615 2394 polle
633 2307 675 2378 ab
699 2308 814 2378 eodem
835 2333 969 2395 corpore
991 2310 1181 2393 flammam3
1233 2326 1319 2396 1080

177 2398 289 2487 Quod
311 2395 383 2469 fieri
409 2416 525 2468 contra
545 2422 655 2467 coram
673 2416 792 2467 natura
812 2418 989 2485 repugnat:
1286 2416 1288 2421 ’

176 2492 326 2574 Unaque
344 2511 395 2557 res
417 2486 489 2557 haec
508 2484 578 2572 cst,
604 2487 723 2574 quoius
743 2488 840 2573 quim
861 2489 967 2574 pluria
985 2487 1160 2576 habemus,

176 2580 270 2652 Tam
293 2578 397 2663 magis
419 2573 552 2646 ardescit
572 2577 642 2646 dira
660 2576 843 2662 cuppedine
864 2582 984 2664 peclus.

177 2670 275 2742 Nam
296 2666 422 2749 Cibus,
447 2685 544 2752 atquc
562 2668 697 2737 Humor
716 2666 874 2736 membris
894 2664 1076 2739 adsumitur
1100 2668 1191 2740 intus

179 2762 273 2845 Qrae
295 2756 578 2843 quoniamcertas
598 2752 729 2842 potsunt
747 2753 894 2825 obfidere
914 2759 1043 2844 partciS,
1235 2771 1322 2848 1085

177 2850 261 2923 Hoc
278 2842 371 2915 facile*
392 2846 539 2932 expletur
562 2846 717 2929 laticum,
745 2843 942 2934 frugumque
963 2847 1105 2936 cupid05
1386 2855 1389 2860 ’

178 2938 237 3010 Ex
256 2934 404 3006 hominis
425 2940 508 3005 vero
525 2931 630 3020 socie,
656 2932 861 3022 pulchroque
883 2939 1011 3019 colore,

177 3026 247 3099 Nil
271 3025 368 3095 datur
388 3024 423 3094 in
436 3049 567 3111 corpus
583 3042 700 3111 praeter
721 3025 899 3095 Simulacra
917 3024 1096 3099 fruendum

179 3115 350 3207 ’Tenum
376 3139 449 3201 quae
473 3133 575 3185 vento
593 3112 663 3203 spes
685 3132 791 3203 raptat
809 3112 892 3202 saepe
916 3113 1048 3189 misella.

1183 3207 1326 3281 ·Ut

191 3371 195 3376 ⁵
219 3400 298 3449 1062:
322 3390 423 3461 Ulcm.)
447 3392 505 3446 Vid
527 3393 608 3447 Mart.
626 3392 676 3459 Ep.
691 3396 734 3445 60.
807 3409 886 3460 1077.-
900 3394 987 3449 Rabies
1002 3395 1075 3459 illae.)
1093 3395 1167 3449 Isim
1181 3395 1268 3450 rabiei.
1285 3393 1327 3450 Ita

182 3461 488 3602 li'llie.c}lr1.lnveternscit)
509 3462 736 3527 Terenti11s‚Prol.
772 3464 844 3587 issem
860 3464 974 3519 Veteres.
1005 3465 1036 3519 V.
1054 3479 1128 3531 1053.
1144 3466 1193 3518 illae
1213 3463 1328 3555 dulcedi·

218 3599 479 3723 Nwsderqgtptexaam
488 3600 545 3666 feei
566 3609 593 3652 m
610 3600 741 3652 invetem'
812 3638 887 3687 1082·
909 3624 1018 3696 eoram.)
1038 3627 1098 3682 MS.
1121 3625 1218 3683 Potum.

184 3742 321 3803 Donatus,
342 3738 554 3799 Inveterascerent,
565 3738 592 3788 in
607 3734 742 3789 consuetu·
813 3744 888 3793 1090·
908 3728 972 3796 Quae
982 3738 1055 3780 vento
1064 3736 1144 3795 raptat
1147 3729 1202 3796 spes
1207 3730 1273 3795 saepe
1283 3730 1331 3780 ml·

186 3812 276 3863 dinem
294 3808 432 3861 venirent:
452 3807 487 3859 Et
496 3807 603 3869 Cicero,
624 3804 670 3858 IV.
685 3805 743 3858 Tu·
770 3799 864 3867 sella.)
902 3797 998 3863 Ret'lcit
1017 3798 1164 3862 [ambiam.
1197 3797 1328 3862 Gisanhu,

186 3877 250 3932 seul.
268 3878 539 3940 Inveteratioautem‚
559 3883 589 3928 nt
607 3876 633 3928 in
647 3874 744 3940 Corpo-
778 3869 842 3936 ΕΜ
854 3867 1242 3947 venlvtvplalspssssaepemisela·
1268 3866 1297 3919 V
1292 3886 1333 3919 m·

186 3949 280 4009 ribus,
303 3942 627 4012 aegtibsdepelliturquzlm
639 3944 745 3997 Pertur-
777 3935 987 4004 toprofrujlra,
1015 3936 1041 3987 ld
1060 3935 1116 3999 est,
1136 3952 1191 4003 quae
1208 3952 1260 3988 non
1278 3943 1333 3989 tum

185 4018 265 4070 batto,
779 4006 825 4060 stbi
838 4004 915 4073 quim
933 4012 1035 4069 vento,
1064 4012 1094 4058 ut
1110 4021 1138 4057 ea
1153 4003 1333 4069 illerlisserat,

224 4089 301 4147 1064.
324 4078 473 4149 conturbes.)
498 4081 556 4145 Quo
568 4078 744 4135 modocatul.
780 4083 881 4142 captat:
911 4074 951 4128 lta
974 4090 1055 4132 mox,
1068 4072 1211 4140 frustraque
1229 4076 1332 4127 loborat.

188 4152 232 4207 lus
244 4154 276 4205 ad
285 4151 414 4214 Lesbiam,
780 4141 929 4202 Huncverd
950 4142 1035 4195 locum
1045 4139 1088 4195 sex
1099 4139 1228 4207 septemve
1241 4144 1294 4195 dies
1308 4142 1337 4195 in

223 4224 290 4276 Dein
304 4222 359 4273 cunt
370 4218 447 4272 millia
460 4217 609 4284 fecerimus,
705 4240 707 4243 ⁴
782 4213 875 4265 Animo
885 4208 988 4266 versans
1000 4212 1078 4263 Emer
1089 4211 1192 4265 tandem
1202 4211 1233 4264 nd
1246 4224 1337 4265 veram

224 4288 444 4345 conturbabimus
459 4288 519 4355 illa,
541 4288 590 4346 nc.
779 4281 917 4337 letlionetn
934 4280 1062 4348 pervenit,

1230 4346 1341 4410 Paruit,
