3150 4967
258 440 335 517 270.
607 382 676 504 r.
715 422 1016 506 tucnnru

259 586 424 660 Gentibus
441 585 595 662 humanis
613 585 789 664 fundatum
811 606 968 679 perpetuo
986 611 1093 677 aevo,
1180 596 1198 615 ¹
1224 569 1227 574 .
1370 529 1418 684 *ll

259 678 438 750 Sollicitare
460 675 525 749 l'uis
544 679 649 751 ullum
668 680 708 750 de
726 677 857 751 sedibus
877 703 1047 766 unquam,
1395 703 1418 746 „r

257 768 333 840 Nec
353 768 460 837 verbis
484 791 622 853 vexare,
649 768 740 840 &ab
759 770 829 838 imo
852 788 995 839 evertere
1018 764 1203 840 summa'me
1393 765 1418 840 le

260 856 385 926 Caeteta
405 857 580 944 degenere
601 854 665 929 hoc
690 854 881 945 adfingere,
907 856 1092 942 &addere,
1117 854 1288 945 Memmi,
1324 863 1372 947 165
1392 843 1413 920 ἒ

258 942 411 1031 Desipere
428 944 486 1024 ’st3
510 945 589 1036 quid
611 946 701 1018 enim
724 945 991 1026 Immortalibus‚
1020 963 1118 1033 atque
1139 944 1250 1019 Beatis
1401 969 1403 1004 t

259 1034 374 1105 Gratia
394 1033 502 1103 nostra
523 1054 619 1120 queat
640 1035 786 1122 largirier
806 1034 1041 1119 emolumenti,

257 1123 307 1194 Ut
322 1122 431 1192 nostra
451 1124 624 1209 quicquam
645 1121 739 1194 caula
756 1148 867 1212 gerere
888 1121 1144 1211 adgrediamur?

258 1212 394 1298 Qridve
415 1214 493 1281 novi
514 1213 623 1298 potuit
640 1215 735 1282 tanto
758 1211 831 1299 post
852 1211 928 1283 ante
947 1213 1074 1298 quietos
1371 1289 1375 1298 ,
1402 1263 1418 1290 .-,

257 1301 414 1385 Inlieere,
438 1321 476 1384 ut
493 1319 647 1386 cuperent
666 1302 770 1371 vitam
791 1323 917 1371 mutare
938 1299 1107 1386 priorem?
1322 1323 1374 1396 370

257 1390 351 1462 Nam
370 1391 509 1476 gaudere
523 1392 620 1460 novis
638 1391 738 1460 rebus
763 1390 881 1459 debere
899 1390 1057 1474 videtur,

258 1479 323 1550 Cui
338 1497 463 1548 veteres
482 1475 623 1556 oblunt3
647 1475 722 1564 sed,
750 1479 803 1548 cui
824 1463 872 1547 nil
890 1478 1006 1548 accidit
1026 1477 1120 1565 aegri.

256 1568 422 1654 Tempore
443 1568 476 1635 in
497 1572 669 1653 anteodlo,
693 1573 770 1638 cnm
788 1565 920 1653 pulchre
937 1567 1068 1654 degeret
1086 1588 1221 1654 aevum,

257 1656 350 1742 Qaid
369 1657 477 1741 ¹potuit
494 1659 652 1727 novitatis
671 1680 818 1726 amorem
837 1655 1009 1725 accendere
1031 1656 1113 1727 tali?
1373 1711 1378 1720 .

255 1745 330 1829 An,
355 1746 473 1830 credo,
499 1746 534 1815 in
554 1746 696 1816 tenebris
724 1746 810 1825 vita,
835 1769 872 1814 ac
896 1768 1036 1815 moerore
1061 1742 1207 1832 iacebat,
1322 1757 1377 1835 ης

255 1836 375 1905 Donec
392 1835 512 1905 diluxit
533 1858 644 1925 rerum
665 1835 812 1922 genitalis
835 1833 955 1921 origo?
1325 1837 1330 1844 ’

256 1924 392 2010 Quidve
416 1925 493 1993 mali
513 1920 619 2011 fuerat
638 1923 735 1993 nobis
754 1947 825 1993 non
845 1921 903 1992 cll'e
923 1922 1065 1993 creatis?
1088 1961 1091 1970 ·

255 2013 368 2082 Notus
391 2015 478 2080 enim
498 2012 614 2097 debet,
640 2009 886 2099 quicunque’st,
912 2012 996 2081 velle
1016 2034 1148 2082 manere

254 2099 296 2169 In
316 2104 383 2169 vita
402 2101 506 2170 donoc
523 2100 676 2171 retinebit
697 2100 816 2171 blanda
840 2100 1001 2186 voluptas.

255 2188 327 2276 Qui
349 2212 521 2273 nunquam
539 2193 623 2258 vero
641 2191 717 2259 vitae
735 2188 877 2274 gustavit
895 2212 1039 2259 amorem
1051 2235 1068 2274 -,
1314 2200 1380 2273 -180

254 2276 330 2349 Nec
347 2274 409 2346 fuit
428 2279 464 2346 in
486 2300 645 2365 numero,
664 2279 748 2365 ¹quid
769 2277 861 2347 obest
884 2302 954 2348 non
977 2273 1035 2347 elle
1056 2275 1232 2352 creatum?
1311 2309 1314 2314 ·

298 2367 497 2451 Exemplum
517 2388 616 2452 porro
639 2367 816 2455 gignundis
832 2366 954 2451 rebus,
982 2363 1098 2452 &ipsa
1309 2377 1317 2382 “

253 2454 400 2529 Notities
422 2457 632 2541 Hominum,
657 2457 755 2550 Divis
775 2455 863 2525 unde
882 2453 974 2525 insita
994 2455 1166 2542 primum?

253 2544 347 2631 Quid
366 2542 488 2615 vellent
506 2541 608 2614 facere
631 2563 670 2616 ut
691 2542 828 2629 scirent,
859 2546 1034 2630 animoque
1056 2543 1240 2624 viderent?

253 2637 378 2719 Quove
399 2632 536 2703 modo'st
553 2658 699 2719 unquam
717 2631 766 2703 ¹vis
789 2635 918 2721 cognita
943 2634 1202 2720 Principiorum,
1322 2643 1377 2721 185¹

253 2722 426 2807 Qudnam
448 2724 533 2790 inter
548 2719 611 2790 sese
632 2742 816 2808 permutato
836 2724 950 2792 ordine
979 2723 1123 2854 pollentl
1312 2738 1345 2756 ”

252 2812 287 2882 Si
308 2834 378 2879 non
396 2806 462 2894 ipsa
482 2809 572 2878 dedit
592 2807 751 2896 specimen
773 2814 903 2882 Natura
930 2811 1085 2881 creandi?

250 2900 407 2981 Namque
428 2898 472 2966 ita
491 2898 594 2967 multa
614 2900 722 2969 modis
745 2901 857 2969 multis
881 2899 1062 2970 Primordia
1088 2920 1201 2969 rerum

250 2988 303 3058 Ex
323 2985 453 3055 infinito
476 2987 539 3073 jam
561 3007 708 3075 tempore
731 2990 851 3074 percita
872 2990 993 3074 plagis,
1160 3003 1163 3010 '

249 3071 515 3160 Ponderibulque
533 3072 598 3146 suis
618 3075 814 3167 consuerunt
837 3079 962 3146 concita
981 3074 1083 3161 ferri,
1320 3098 1374 3164 190

250 3162 530 3252 Onmimodil'que
553 3166 660 3248 coire,
685 3187 780 3253 atque
799 3168 911 3236 omnia
932 3183 1138 3254 pertentare,
1250 3215 1255 3224 ·
1283 3258 1332 3342 Q
1355 3243 1358 3248 ,

1319 3277 1373 3326 uae·

284 3430 343 3488 164
363 3422 524 3492 mammam.)
558 3424 713 3489 Mundum,
741 3424 794 3477 viz.
833 3440 920 3490 rernm
948 3423 1140 3477 incurrentibus
1158 3421 1301 3478 derivatur.
1336 3419 1372 3476 oti

248 3491 380 3543 Mundum
394 3494 687 3546 autemrlixitSummom
705 3508 738 3546 ex
755 3510 796 3546 eo-
833 3494 910 3548 etiam
944 3493 1011 3545 nihil
1048 3487 1233 3546 inconfidetate
1262 3489 1371 3554 faciunt,

247 3575 307 3612 rum
319 3558 532 3626 Philosophorum
540 3559 683 3625 sententia,
704 3563 747 3682 ‹lni
761 3563 796 3614 U·
832 3563 952 3630 quiequid
962 3577 1036 3628 agere
1046 3560 1222 3624 constituunt,
1241 3559 1310 3614 illud
1319 3573 1373 3628 pre·

246 3626 520 3695 nierunagnoscebant·
553 3629 692 3696 Lambinus
721 3634 793 3699 egit,
832 3632 934 3685 vident:
960 3638 993 3683 nt
1010 3628 1087 3681 nullae
1105 3627 1235 3694 Imagines
1250 3644 1338 3683 rerum
1349 3629 1373 3680 io

247 3695 341 3750 Funde.
493 3738 497 3744 .
831 3700 947 3753 Mentem
967 3698 1088 3751 Divinam
1104 3696 1193 3749 endere
1214 3703 1370 3764 potuerunt,

283 3777 340 3827 174.
361 3762 472 3814 Annonem
484 3765 605 3817 accendere
614 3764 693 3887 rota?
729 3766 791 3831 lllii,
830 3766 888 3820 clun
900 3765 1006 3833 resipiat
1022 3765 1303 3827 nondumextiterintt
1322 3766 1372 3817 ideo

245 3833 391 3883 amoretali:
417 3832 480 3883 Tuli.
518 3831 580 3885 Tali
589 3827 658 3898 lm,
686 3852 719 3889 eu
738 3837 793 3890 Deo
829 3837 915 3902 inepte
926 3835 1018 3902 aliquis
1029 3835 1096 3887 dicat
1107 3835 1174 3886 Deos
1185 3832 1300 3897 Coelum,
1312 3829 1376 3887 Ter:

244 3900 289 3953 vel
300 3899 416 3952 Homini.
435 3899 521 3951 Faber.
828 3920 900 3967 ram,
923 3902 1066 3967 Animalia,
1089 3902 1183 3955 Omnia
1193 3899 1297 3955 erelll'e.

282 3977 338 4025 181.
361 3970 416 4020 Nec
426 3969 485 4031 fuit
495 3970 521 4019 in
535 3970 668 4092 numeral
691 3972 791 4025 Rerum
863 3982 920 4036 187.
944 3969 1076 4037 creandi.)
1111 3968 1271 4036 LambinuS,
1294 3971 1373 4025 Cre*
1405 3971 1407 3976 ’

244 4044 405 4096 ereatatnme
427 4033 480 4104 Effe
497 4046 619 4090 erearum.-
670 4038 717 4105 lii,
738 4039 792 4110 Este
827 4042 874 4092 do:
894 4038 993 4093 melius.
1351 4039 1355 4044 '
1411 4089 1414 4108 ,

243 4114 337 4167 mato,
357 4112 387 4158 ut
397 4121 423 4158 v.
437 4118 495 4168 177.
516 4102 569 4175 Effe
578 4112 669 4162 creon.
862 4118 918 4167 188.
939 4106 1112 4162 Multomodrk
1122 4104 1247 4177 mellan)
1282 4104 1374 4176 Mulli·¹
1410 4123 1414 4190 l

280 4180 337 4252 περ.
361 4173 505 4241 Exemplum
513 4187 597 4241 porro,
617 4173 694 4241 dec)
721 4175 791 4228 Tota
825 4178 898 4235 medr'r
908 4180 1011 4235 mullei:
1027 4173 1156 4232 Gifanius·

243 4256 362 4299 omniurn
374 4257 461 4299 retum
472 4243 576 4299 notities
595 4241 610 4299 εὶ
622 4243 790 4302 simulachris
