3150 4967
1009 1250 1438 1414 [ΑΒΜ
1533 1287 2263 1436 SECUNm

818 1465 2789 1742 ARGUMENTUM„“.

484 1935 550 2008 .ῑ·
717 1867 860 2310 ἐξ
1001 1942 1076 2010 D
1132 1934 1420 2046 Studium
1464 1933 1843 2097 Philojblphiae
1865 1984 1888 2022 ,
1956 1947 2103 2030 qua
2135 1931 2273 2024 sola
2316 1931 2505 2041 lenire
2545 1955 2731 2004 curas
2745 1982 2766 2014 ‚
2808 1909 2815 1916 “

1041 2023 1132 2112 δεῖ
1169 2051 1445 2097 animum
1472 2044 1640 2097 metu
1688 2026 1929 2097 ibet-are
1955 2030 2150 2117 potest
2181 2027 2554 2098 Memmium
2582 2022 2775 2111 suunt

1037 2118 1078 2184 ci
1133 2143 1199 2186 v.
1245 2140 1299 2186 1.
1350 2114 1440 2185 ad
1484 2141 1552 2187 v.
1601 2126 1724 2189 612,
1791 2121 2117 2185 Lucretius
2178 2108 2514 2184 hortatur:
2620 2112 2775 2183 Inde

1038 2212 1127 2275 II.
1211 2203 1290 2274 de
1325 2210 1637 2277 Seminum
1665 2204 1777 2294 jeu
1828 2210 2202 2275 Atomorum
2237 2201 2638 2293 affeclionibus
2678 2202 2775 2273 di-

547 2343 558 2354 -
1021 2295 1239 2384 sputat
1266 2344 1289 2378 ,
1339 2318 1610 2386 quarum
1641 2301 1856 2389 prima
1893 2297 1969 2386 est
2017 2295 2297 2373 Motu83
2368 2298 2461 2362 Μ
2455 2299 2628 2362 overi
2671 2298 2772 2365 Se-

504 2387 666 2456 mina
708 2409 796 2454 ex
841 2407 1059 2454 rerum
1096 2392 1489 2475 generatione
1529 2381 1983 2475 demonstratur
2004 2411 2024 2450 .-
2103 2389 2333 2454 Motus
2374 2382 2521 2451 vero
2567 2379 2664 2451 hic
2697 2384 2776 2474 cst

505 2470 786 2562 deorsum
806 2522 831 2558 ,
888 2478 1110 2543 Omnia
1149 2478 1308 2542 enim
1360 2477 1604 2543 Semina
1639 2471 1795 2562 sunt
1850 2477 2095 2542 Gravia
2112 2521 2135 2557 ,
2202 2473 2360 2544 Ciam
2390 2489 2597 2541 autem
2634 2496 2774 2541 con-

501 2579 788 2634 currant·
827 2566 1072 2635 Semina
1108 2559 1312 2649 solida
1355 2555 1568 2653 neceffe
1622 2565 1699 2654 eli
1735 2586 1976 2654 quoquo
2028 2561 2291 2632 versum
2337 2563 2381 2630 ἃ
2406 2560 2475 2650 se
2510 2566 2774 2632 invicem

498 2649 800 2740 hffilicmt
817 2679 839 2720 .-
906 2658 1009 2721 Ita
1044 2648 1319 2742 qu'aedam
1364 2654 1610 2722 Semina
1659 2649 1798 2720 aliis
1844 2650 2250 2745 implicantur
2270 2699 2295 2736 ,
2359 2675 2493 2743 ,quae
2537 2651 2775 2720 ariiius

495 2742 964 2836 conjunguntur
981 2789 1006 2826 ,
1075 2764 1176 2811 res
1241 2739 1440 2810 duras
1488 2734 1580 2822 Εὖ)
1622 2737 1834 2828 densas
1872 2744 2245 2834 constituunt
2263 2790 2288 2825 ,
2355 2765 2485 2831 quae
2519 2740 2726 2811 laxius
2742 2787 2771 2825 ‚

499 2854 594 2900 res
637 2829 854 2904 mlles
896 2825 986 2916 ἓξ
1025 2854 1214 2901 raras·
1237 2857 1258 2897 .-
1346 2826 1644 2923 Quaedam
1677 2846 1884 2900 autem
1931 2833 2174 2901 Semina
2391 2854 2536 2899 uam
2584 2828 2774 2900 coale-

485 2916 668 3006 sctmt
681 2935 718 3002 ἕ
772 2915 898 3008 fid
907 2923 932 3004 ‚'
981 2926 1084 3003 uti
1101 2935 1387 2989 ramenta
1419 2918 1700 3014 pulveris
1739 2924 1807 2989 in
1845 2917 2038 2989 radiis
2075 2919 2226 2991 Solis
2258 2925 2330 3000 vi
2374 2931 2540 2990 emus
2561 2969 2585 3004 ‚
2623 2938 2774 3014 per-

484 3025 673 3102 petuo
712 3025 899 3079 motu
907 3003 1047 3102 “per
1091 3016 1283 3079 Inane
1298 3008 1611 3101 feruntur
1630 3058 1655 3094 ‚
1729 3004 1819 3091 ἓξ
1856 3007 1981 3078 alia
2028 3014 2305 3102 Corpora
2337 3007 2599 3099 fitbinde
2626 3026 2776 3102 per-

489 3104 744 3169 cutiunt
769 3093 879 3184 Ἐφ’)
907 3103 1163 3193 agitant
1208 3097 1294 3167 ad
1327 3123 1396 3167 v.
1453 3115 1600 3186 140.
1735 3103 1860 3168 ΙΙΙ.
1925 3097 2308 3170 celeritatem
2337 3106 2541 3168 motus
2587 3102 2775 3169 Semi-

490 3211 650 3257 num
691 3185 990 3258 deovsum'
1028 3185 1409 3257 tendentium
1444 3186 1712 3280 explicat
1746 3185 1837 3279 ad
1884 3211 1950 3256 v.
2006 3197 2148 3259 166.
2280 3193 2396 3260 IV.
2454 3184 2605 3255 Inde
2646 3203 2774 3282 pro

485 3299 666 3348 more
686 3274 814 3365 suo
850 3274 1127 3367 quadam
1153 3281 1504 3349 Scommata
1540 3293 1761 3348 contra
1782 3276 2055 3367 illos·‘qui
2076 3275 2544 3346 Providentiam
2584 3299 2775 3368 agno-

484 3362 670 3454 scunt
709 3370 942 3435 intexit
981 3364 1070 3435 ad
1099 3391 1188 3435 ἰν.-
1217 3385 1241 3434 1
1258 3378 1361 3449 82.
1495 3369 1565 3439 V.
1635 3372 1797 3438 Tum
1834 3375 2268 3458 argumentum
2318 3371 2543 3458 repetit
2562 3415 2586 3451 ,
2634 3360 2775 3460 affi-

488 3459 712 3547 ritque
766 3459 989 3524 Omnia
1024 3458 1300 3547 Corpora
1337 3452 1618 3543 deorsum
1658 3454 1906 3525 tendere
1941 3453 2028 3523 ad
2047 3480 2112 3523 v.
2151 3475 2232 3526 21
2246 3472 2305 3543 5.
2419 3460 2475 3528 V
2475 3461 2511 3523 I
2510 3509 2524 3523 .
2582 3460 2777 3526 Dein-

490 3541 572 3612 de
613 3547 871 3620 Semina
908 3541 1189 3631 deorfitm
1226 3543 1540 3614 tendentia
1578 3547 1617 3613 ἀ
1652 3545 1819 3615 νεὲἶα
1862 3544 2020 3613 linea
2047 3543 2377 3637 pazdulum
2420 3542 2728 3615 declinare
2746 3594 2773 3630 ,

489 3629 616 3720 nifi
651 3639 822 3702 enim
855 3631 1236 3703 declinarent
1264 3637 1507 3705 Semina
1527 3684 1552 3720 ‚
1599 3631 1758 3705 nihil
1787 3658 2063 3725 unquam
2083 3684 2107 3719 ‚
2143 3632 2369 3722 saltem
2405 3634 2642 3703 nullum
2672 3640 2778 3704 Li-

489 3719 714 3791 berum
755 3725 969 3813 Agens
1011 3727 1323 3792 oriretur.-
1387 3722 1475 3792 ad
1513 3750 1580 3793 v.
1630 3745 1788 3812 293.
1921 3728 1978 3796 V
1977 3729 2062 3792 ΙΙ.
2139 3728 2408 3793 Demum
2450 3722 2623 3794 docet
2667 3730 2779 3794 Eo-

489 3807 636 3880 dem
693 3827 875 3880 motu
913 3814 1157 3881 Semina
1195 3812 1334 3899 jam
1363 3811 1537 3904 ferri
1588 3837 1709 3904 quo
1771 3809 1850 3881 ab
1893 3828 2114 3881 aeterno
2159 3811 2539 3905 ferebantur
2559 3863 2578 3892 ‚
2626 3825 2631 3832 '
2668 3835 2780 3884 nec

748 3922 876 3968 cam
934 3895 1075 3969 huic
1114 3904 1382 3992 opinioni
1419 3899 1696 3987 diffidere
1749 3899 1964 3971 debere
1980 3950 2003 3985 ,
2079 3908 2227 3991 quia
2277 3919 2481 3972 motus
2514 3926 2638 3971 non
2677 3907 2782 3971 vi-

618 4039 644 4073 ,
698 4012 844 4058 cum
879 3985 1009 4081 ipfiz
1048 3992 1290 4060 Semina
1324 3996 1566 4083 percipi
1608 4015 1733 4062 non
1830 4015 1864 4059 o
1910 4006 2028 4059 unt
2064 3988 2152 4060 ad
2191 4017 2255 4061 v.
2308 4013 2339 4077 3
2355 4012 2456 4079 32.
2557 3995 2780 4062 Secun-

488 4074 576 4147 da
619 4081 944 4150 Sentinum
1001 4074 1232 4167 affinio
1268 4088 1348 4170 est
1390 4079 1666 4166 Figuraz
1812 4096 1940 4149 ocet
1974 4096 2182 4148 autem
2286 4085 2461 4153 VIII.
2533 4084 2781 4152 Semina

484 4190 617 4237 non
660 4161 776 4259 effi
817 4162 1080 4254 ejusdem
1123 4169 1359 4259 Figurae
1377 4216 1402 4252 ‚
1446 4167 1729 4273 guaedam
1759 4169 1904 4238 vero*
1946 4166 2224 4238 rotunda
2241 4217 2266 4253 ,
2313 4166 2590 4260 quendam
2624 4194 2782 4271 qua-

486 4254 700 4328 drata
719 4303 748 4342 ‚
795 4254 1074 4350 quadam
1109 4255 1285 4330 laevia
1305 4306 1331 4338 ,
1384 4254 1476 4342 ἃς·
1504 4257 1644 4331 alia
1666 4258 1902 4423 {spera
1924 4306 1948 4347 ‚
1995 4253 2254 4332 hamata
2278 4307 2306 4348 ·,
2349 4254 2502 4346 Ἑὲς.
2547 4258 2811 4418 §uyeostgea

489 4391 498 4400 -
807 4405 816 4412 .
1775 4370 1826 4428 2
2573 4358 2713 4442 often
2782 4353 2836 4418 ‘t
