3150 4967
223 393 271 476 aa
557 334 642 486 [T.
683 392 993 478 suornm
1083 489 1088 495 .

220 549 306 641 Non
326 546 457 656 poliunt
476 576 536 660 ea,
562 580 636 645 quae
659 559 757 633 debet
778 564 939 635 Genitalis
961 563 1084 637 habere

220 641 399 723 Materies,
427 665 538 717 vanos
563 646 775 738 Connexus,
800 653 971 741 Pondera,
996 656 1111 744 Plagas
1123 704 1137 741 ,
1411 730 1416 738 .

223 729 414 817 Concursus
426 782 444 835 ‚⁸
463 736 602 824 Motus,
628 763 685 828 per
703 764 776 827 quae
799 765 850 814 res
863 766 1001 831 quaeque
1015 764 1189 832 geruntur.
1372 817 1377 824 .
1398 771 1409 840 ξ

266 822 391 925 Porro,
421 824 447 894 lt
471 825 564 897 nulla
582 826 620 899 ’st
638 825 826 918 frangendis
847 832 975 905 reddita
997 832 1074 907 finis
1366 885 1370 890 ·
1402 871 1411 928 l

223 910 451 1015 Corporibus,
482 931 595 987 tamen
616 943 657 991 ex
676 938 803 992 aeterno
825 938 974 1009 tempore
1002 923 1154 1010 quaedam
1305 932 1380 1017 63..

222 1000 326 1073 Nunc
341 1024 448 1101 enam¹
461 999 612 1091 superare
631 1007 792 1084 necelfe'st
817 1013 974 1101 Corpora
990 1014 1113 1101 rebus,

223 1093 312 1179 Qrae
331 1091 482 1195 nondum
505 1095 636 1169 clueant
657 1099 727 1170 ullo
748 1118 872 1173 tentum
895 1104 1035 1190 periclo:

221 1182 268 1286 At
285 1205 444 1268 quomam
465 1178 573 1276 fragili
592 1206 712 1259 notura
731 1190 867 1277 praedita
895 1191 1068 1279 constant,

222 1267 395 1358 thcrcpat
418 1294 582 1346 aetcrnum
603 1297 736 1365 tempus
755 1278 891 1367 potuilfe
918 1306 1050 1353 manere
1149 1328 1151 1332 ι

222 1360 529 1435 Innumerabilibus
550 1367 654 1461 plagis
674 1391 792 1440 vexata
816 1394 874 1456 per
900 1396 1022 1442 aevum.

269 1454 480 1540 Quapropter
492 1504 504 1541 ,
534 1456 591 1543 qui
615 1459 790 1530 Materiem
813 1483 924 1531 rerum
950 1458 1009 1532 effe
1029 1465 1188 1549 putirunt

222 1543 363 1631 ignem,
390 1561 488 1629 atque
508 1570 550 1616 cx
569 1546 638 1634 igni
657 1550 830 1626 ,Summam
850 1547 1021 1622 confrstere
1048 1548 1141 1639 folo,

222 1634 429 1719 Magnopcrc
452 1634 470 1703 d
491 1659 569 1706 vera
589 1629 667 1723 lapfi
686 1640 813 1710 ratione
833 1640 1000 1712 videntur.

222 1723 477 1797 Hnnienaus
498 1726 562 1796 init
588 1750 733 1814 quorum
756 1729 826 1801 dux
843 1731 952 1818 praelia
971 1730 1120 1818 primur,

224 1814 342 1887 Clarus
365 1813 409 1883 ob
432 1810 605 1889 obscuram
624 1819 773 1907 linguam
797 1819 901 1909 magis
920 1820 1007 1893 inter
1027 1819 1177 1909 inaneis,

258 2114 319 2169 623.
343 2109 495 2179 Germtur.)
515 2111 649 2165 Genuntur.
679 2109 782 2192 Inmhi-
814 2119 886 2175 rum,
906 2128 932 2166 v.
945 2126 989 2176 70.
1010 2113 1055 2183 qui
1076 2110 1168 2194 Ignem
1187 2111 1370 2176 constituerim
1405 2089 1416 2220 ἔ

224 2196 292 2244 nus,
322 2175 481 2242 Galscndus,
515 2196 623 2249 eamque
644 2180 781 2235 lechonem
815 2187 918 2248 reputat
932 2198 1025 2249 nempe
1045 2183 1169 2251 quicquid
1190 2190 1280 2237 contra
1295 2182 1371 2238 illum
1406 2223 1416 2266 3

224 2246 707 2317 contraGisanii&Pareistrepitusn
721 2256 782 2304 626.
815 2265 843 2303 ar
861 2258 1007 2305 amentatus
1033 2250 1132 2315 fuerit,
1161 2258 1249 2305 contra
1266 2260 1373 2308 caeterot
1409 2273 1415 2314 l

224 2315 303 2389 probi
316 2316 453 2381 defendit,
475 2319 502 2373 8c
513 2325 611 2373 tuetur.
815 2266 975 2381 valiturum
1013 2320 1201 2389 nandoquidem
1213 2319 1280 2372 nihil
1293 2337 1373 2389 oppo-
1410 2319 1415 2340 ¹

258 2393 319 2453 629.
339 2390 416 2441 Porro
425 2387 455 2455 st
469 2387 534 2441 nullo
558 2386 623 2454 esf.)
651 2385 782 2442 Ultimum
815 2388 843 2440 ni
856 2336 1094 2457 .adverfi1slgnem
1112 2387 1213 2452 valeat,
1233 2390 1305 2455 quod
1320 2402 1372 2450 nou
1413 2421 1416 2456 ,

225 2457 561 2527 quontiturargumcntnm
573 2474 598 2510 v.
613 2471 639 2521 7.
662 2457 714 2520 jam
724 2472 782 2524 pro·
815 2458 870 2524 pari
883 2457 940 2521 jure
950 2459 976 2512 ἃ
986 2459 1016 2512 de
1027 2457 1102 2519 A'e're,
1118 2458 1144 2511 dr
1154 2457 1185 2510 de
1195 2456 1388 2524 quolibetalif
1413 2461 1416 2504 :

224 2528 292 2583 batis
314 2527 425 2582 nititur:
455 2526 526 2581 Olim
546 2524 779 2588 demonstraverat,
815 2525 992 2584 concludatur.
1031 2525 1067 2579 Et
1078 2520 1146 2579 cert&
1161 2526 1193 2578 nd
1213 2542 1269 2578 rem
1288 2534 1374 2582 atten-
1413 2511 1416 2580 l

226 2596 271 2651 vel
281 2596 384 2652 Semina
396 2596 509 2664 quadam
530 2596 561 2649 ab
574 2603 668 2648 aeterno
680 2592 784 2647 indisso·
816 2596 888 2649 denti
906 2594 952 2648 illa
974 2595 1134 2662 opinionum
1151 2594 1262 2649 varietas
1282 2610 1374 2649 merus

226 2665 283 2720 luta
304 2668 330 2720 ἃ
350 2661 460 2717 infrasta
481 2662 548 2728 else,
569 2671 614 2718 aut
635 2663 721 2718 nullas
741 2680 782 2717 res
816 2662 865 2717 else
878 2663 954 2717 ludus
976 2665 1100 2723 videtum
1120 2662 1318 2731 quatenuscum
1333 2680 1374 2717 ea·

224 2736 331 2790 omnino
342 2730 429 2797 nasci,
450 2732 493 2787 vel
513 2733 526 2786 ὲ
550 2732 643 2787 Nihilo
662 2732 726 2786 oriri
737 2750 783 2801 po-
815 2750 874 2786 rum
886 2733 1013 2787 huthores
1025 2729 1124 2786 diversa
1136 2729 1301 2799 supponant,
1323 2733 1374 2788 cir-

224 2802 317 2858 tuilfc:
345 2802 397 2858 Res
423 2799 490 2856 nasci
512 2800 559 2869 ipft
577 2799 663 2870 fenfns
679 2803 783 2854 demon·
815 2800 943 2859 culatione
954 2809 1041 2854 tamen
1053 2808 1184 2866 utuntur,
1204 2802 1290 2870 quain
1304 2800 1374 2856 idem

224 2872 325 2935 strant,
347 2873 374 2927 de
387 2870 462 2926 Nihil
476 2868 489 2924 ὲ
505 2870 597 2924 Nihilo
620 2872 683 2925 oriri
700 2868 784 2925 faten·
816 2870 906 2924 cadant
924 2871 1199 2938 recidantqueomnes.
1241 2870 1373 2925 Sortiatur

224 2950 270 2996 tur
281 2956 392 2999 omnm
412 2938 508 2994 liveri
527 2939 632 2994 nullum
643 2938 705 2993 ell'et
721 2940 784 2993 Soli·
818 2940 885 2993 enim
919 2940 976 3007 quis
1004 2938 1171 2992 Elementum
1201 2939 1373 3008 quodcunque

224 3013 282 3063 dum
300 3011 368 3080 quod
388 3008 515 3077 frangi&
532 3007 633 3062 dissolvi
650 3016 780 3076 nequeat,
815 3008 918 3063 tandem
939 3007 1070 3071 libuerit,
1091 3007 1117 3062 Is
1139 3007 1205 3061 nihil
1219 3015 1265 3061 tut
1283 3009 1374 3062 minus

225 3080 271 3135 uhi
279 3079 458 3134 inveniremus
468 3076 637 3145 Corporailla
647 3078 678 3131 ab
687 3084 783 3131 aeterno
816 3074 1003 3145 consequatur,
1026 3076 1207 3144 nutamplinS,
1228 3076 1375 3146 quamqui-

225 3147 393 3209 indilloluta,
415 3150 441 3201 dc
465 3145 599 3199 infralla'?
628 3145 696 3200 Ciam
714 3146 783 3198 enim
816 3146 855 3199 vis
866 3145 932 3198 allus
943 3143 1017 3213 eiquo
1026 3145 1097 3199 aliud
1105 3153 1259 3213 occupatum
1268 3143 1372 3206 fuerits

223 3218 332 3286 fragiles
353 3214 485 3270 moleculae
504 3214 615 3270 infinitis
636 3212 783 3269 occursibus
816 3214 948 3283 Siquidem
969 3231 1022 3268 uno
1043 3214 1148 3278 habito,
1177 3214 1244 3268 illud
1260 3214 1376 3268 coanlen·

224 3287 370 3354 idibusque
383 3286 500 3339 obnoxiae
518 3282 587 3347 sant,
607 3282 665 3337 fieri
676 3301 784 3405 nonpo-
815 3280 872 3337 fans
882 3300 910 3335 ac
922 3282 1077 3337 terrefaciens
1087 3282 1172 3338 statim
1184 3283 1289 3336 habebit
1297 3291 1375 3336 caete·

224 3356 290 3411 test.
310 3362 401 3409 uttam
413 3354 539 3408 diuturno
548 3361 664 3421 temporo
673 3370 726 3407 non
744 3361 783 3407 rut
816 3368 861 3406 ra:
882 3352 943 3407 adeo
958 3360 987 3406 ut
1007 3352 1074 3405 nihil
1090 3351 1166 3419 plane
1182 3349 1299 3416 interfit,
1320 3350 1376 3406 five

224 3422 354 3477 exsoluta.
815 3421 863 3474 hoc
872 3417 925 3475 five
934 3419 1002 3474 illud
1012 3409 1126 3489 pssimum
1136 3418 1283 3488 usurpetur.
1312 3419 1377 3484 Gas-

257 3498 318 3553 629.
342 3492 419 3543 Porro
423 3490 450 3557 fi
457 3489 522 3541 nulla
534 3488 585 3552 est,
606 3490 654 3543 &c
670 3486 684 3559 )
702 3488 739 3542 Hi
755 3502 781 3553 7.
808 3490 903 3552 sendus.
1249 3544 1252 3549 ⁴

223 3557 380 3614 versusnon
397 3558 570 3612 inveniuntur
581 3559 609 3610 in
626 3558 657 3610 B.
670 3576 697 3611 v.
712 3564 781 3624 630,
849 3564 908 3623 639.
931 3554 1104 3623 Heraclitus.)
1135 3556 1168 3610 Bl
1189 3556 1298 3620 thonis,
1329 3554 1376 3611 vel

223 3647 270 3698 pro
296 3630 410 3695 Tempore
421 3626 509 3706 Fapus
527 3625 591 3694 legit
607 3627 725 3693 Corpora
757 3628 783 3681 &
816 3626 980 3682 Heraciontis
1004 3624 1075 3679 filius
1094 3574 1189 3693 Ephefr
1209 3634 1286 3680 natus
1306 3627 1378 3698 circu

223 3716 270 3779 pro
282 3697 403 3780 Qdam
417 3694 471 3749 dlii
486 3695 612 3765 Quoque,
643 3704 784 3765 utrumque
816 3696 915 3753 LXIX.
937 3694 1085 3765 Olympiad.
1098 3694 1204 3749 floruit:
1234 3694 1311 3764 dioga,
1326 3693 1380 3755 mi.

223 3778 353 3834 imperite.
816 3770 851 3824 roi
868 3764 950 3825 naim
976 3770 1003 3821 ἐκ
1023 3763 1099 3842 wopis
1119 3764 1263 3830 consedeat,
1291 3772 1316 3846 ις
1343 3768 1380 3830 cir

257 3840 318 3903 636.
369 3840 511 3901 eapropter,
530 3834 589 3899 nui,
610 3831 688 3902 dcc.)
715 3831 785 3887 Poli-
815 3826 878 3895 virro
896 3833 1051 3894 ivaidedun
1073 3833 1201 3887 laertius.

222 3904 277 3968 tis,
310 3904 336 3957 dc
378 3901 476 3956 ahilitis
493 3900 602 3969 Epicuri
623 3901 783 3970 Principiis,
849 3909 910 3969 640.
935 3901 1223 3969 Obolrscurnmlinguom,
1240 3900 1316 3973 &c.]
1338 3902 1379 3956 De

222 3973 345 4027 Aliorum
355 3971 495 4025 sciatentias
508 3970 644 4028 convellil3
657 3974 683 4026 ἃ
697 3972 784 4024 omnia
816 3971 948 4038 industria,
970 3969 1004 4033 θ’
1020 3989 1061 4023 con
1074 3968 1123 4023 ulto*
1135 3970 1222 4023 occuli?
1235 3972 1299 4022 dixit
1325 3970 1381 4025 He.

223 4049 377 4108 arguments
388 4041 416 4093 in
435 4041 486 4093 dam
507 4039 662 4094 distribuens
674 4039 782 4107 Capita,
816 4045 926 4096 melitus.
964 4040 1054 4094 Cicero
1065 4040 1095 4092 de
1111 4038 1219 4093 Finibus
1237 4039 1283 4092 lib.
1295 4038 1332 4092 11.
1350 4041 1380 4095 dc

223 4112 362 4182 impugnat
373 4108 485 4177 primiani
497 4126 555 4174 cos,
575 4110 784 4179 quiElemenrum
818 4112 845 4164 in
862 4109 912 4163 111.
929 4110 960 4163 de
972 4108 1033 4161 Nat.
1048 4108 1125 4162 Deor.
1149 4107 1258 4174 Inredigi
1273 4111 1352 4161 noluit
1368 4123 1380 4166 ε

223 4182 341 4240 unicum,
361 4196 389 4232 rac
401 4178 554 4233 deinde-eos
592 4178 622 4231 ui
638 4179 707 4245 plura
718 4175 784 4232 allu-
818 4179 883 4234 Inde
893 4178 1014 4241 zadun}
1026 4177 1191 4238 Tenebricosus
1199 4177 1300 4230 dietus:
1325 4177 1383 4232 Au.

223 4260 316 4304 munt:
345 4248 418 4304 Inter
438 4235 538 4319 prior'es
554 4196 647 4317 diligit
668 4243 785 4301 Heracli-
809 4246 1098 4313 thorHomericarum
1114 4244 1327 4316 Allegoriarrun3
1356 4247 1381 4337 ,ὅ

600 4355 604 4365 a
1329 4340 1383 4383 *tu
