3150 4967
263 461 335 540 316
633 423 686 528 r:
717 447 1024 529 rucnarn

259 617 310 688 An
358 616 485 688 imanos
508 614 585 687 beili
603 613 789 689 docuerunt
807 616 943 687 uolnera
963 616 1057 688 Poeni

259 706 304 777 Su
333 728 423 790 erre,
451 706 639 793 &magnas
665 708 785 786 Martis
807 707 940 778 turbare
960 724 1117 778 catervas.

259 796 312 865 Sic
332 796 396 865 alid
418 820 460 864 ex
479 794 691 898 aiiolpeperit
710 791 879 867 Discordia
897 793 1018 880 tristis,

258 884 429 955 Horribile
446 882 599 955 humanis
624 884 712 971 quod
732 884 887 974 gentibus
909 882 983 954 edet
1001 886 1037 954 in
1053 881 1180 955 armis:
1214 897 1216 902 '

257 973 362 1059 Inque
385 974 454 1044 dies
474 974 553 1044 belli
571 974 752 1045 terroribus
773 973 899 1044 addidit
916 996 1069 1062 augmen.

258 1064 446 1135 Terrtdrurrt
467 1064 566 1133 etiam
583 1063 714 1134 Tauros
735 1065 771 1134 in
790 1087 937 1134 moenere
955 1062 1030 1132 belli
1040 1112 1051 1147 ,

256 1151 456 1240 Expertique
476 1155 555 1223 Sues
576 1149 679 1226 saevos
702 1149 779 1225 funt
797 1154 928 1223 mittere
947 1152 982 1222 in
1001 1148 1144 1230 hosteisr

255 1242 299 1313 Et
322 1243 447 1311 validos
471 1238 581 1311 Parthi
603 1264 671 1342 prpe
694 1238 727 1312 se
748 1239 863 1313 misere
885 1243 1010 1313 Leones
1173 1317 1178 1326 ,

257 1331 345 1401 Cum
369 1330 562 1402 ductoribus
582 1332 737 1411 antiatis,
761 1328 918 1418 saevisque
940 1327 1121 1418 magistris,

257 1420 328 1505 Qai
353 1419 552 1490 moderarier
565 1416 627 1489 hos
647 1416 807 1508 possent,
822 1417 1002 1506 vinclisque
1021 1440 1134 1490 tenere
1143 1444 1158 1498 3

256 1509 312 1581 Ne
337 1510 509 1595 uitquam:
535 1510 708 1600 Qroniant
751 1507 880 1579 ermista
898 1510 986 1579 caede
1005 1508 1148 1580 calentes

255 1599 329 1671 Tur
353 1599 452 1668 abant
473 1595 549 1669 saevi
567 1597 661 1668 nullo
686 1599 717 1669 d‘
734 1599 869 1669 crimine
887 1618 1033 1685 turmas,

255 1685 431 1764 Terrificas
455 1688 598 1774 capitum
622 1689 805 1775 quatientes
823 1688 969 1773 undique
988 1684 1120 1764 cristam

255 1777 331 1849 Nec
348 1794 498 1863 poterant
519 1778 653 1865 Equites
673 1775 807 1848 fremitu
827 1779 995 1863 perterrita
1016 1796 1178 1864 equorum

254 1866 388 1938 Petram
409 1868 573 1946 mulcere,
603 1870 635 1938 &
659 1864 768 1938 fraenis
793 1882 983 1937 convertere
1003 1867 1040 1937 in
1059 1862 1196 1937 hosteis.

253 1956 389 2028 Inritata
409 1958 483 2028 Leae
510 1956 667 2042 iaciebant
691 1980 826 2042 corpora
852 1952 934 2026 saltu

253 2044 432 2131 Undique,
459 2042 689 2117 &advorsum
710 2045 921 2117 venientibus
945 2068 1003 2115 ora
1025 2041 1206 2133 petebant:

253 2134 297 2204 Et
318 2136 576 2219 nec-opinanteis
596 2136 615 2205 ὲ
632 2153 725 2224 tergo
749 2135 967 2222 diripiebant,

254 2221 477 2308 Duplexaeque
496 2224 618 2294 dabant
638 2226 673 2294 in
693 2244 814 2297 terram
833 2224 968 2294 volnere
987 2222 1138 2293 vindos:

257 2309 426 2383 Morsrbus
446 2309 563 2383 adfixae
584 2314 725 2399 validis,
749 2334 848 2400 atque
870 2312 1039 2400 unguibus
1059 2312 1166 2382 uncis.

260 2402 495 2489 Jauabamque
519 2404 599 2475 Sues
619 2404 743 2488 Tauri,
768 2399 967 2491 pedibusque
982 2401 1151 2480 terebant3

252 2492 296 2563 Et
314 2492 434 2578 latera,
459 2516 496 2562 ac
516 2513 646 2563 ventres
665 2490 843 2563 hauribant
859 2488 970 2562 subter
988 2512 1151 2578 equorum

253 2582 441 2666 Cornibus,
468 2583 509 2651 ad
528 2601 714 2668 terramque
734 2583 873 2651 minanti
895 2599 1011 2651 mente·
1027 2579 1179 2651 ruebant.

254 2672 299 2741 At
322 2672 438 2741 validis
457 2668 561 2742 socios
581 2671 749 2743 caedebant
766 2672 920 2743 dentibus
944 2670 1044 2757 Apri,
1283 2687 1385 2836 «ῐΤζὶιΞ
1417 2725 1418 2730 1

1345 2784 1360 2829 e

245 3024 295 3089 stre·
320 3030 451 3079 maximam
466 3028 636 3095 quadrupedem
658 3046 731 3097 quam
755 3029 803 3096 iffi
836 3026 892 3082 sum
911 3027 992 3083 abesse
1010 3028 1071 3083 hine
1088 3026 1188 3091 velim,
1216 3029 1383 3099 nequeenim

251 3096 383 3158 habebunt,
403 3105 516 3148 vocarent
537 3097 646 3161 Bovrm,
667 3097 796 3158 &inhr-
837 3093 912 3149 facila
950 3099 1101 3153 crediderim
1130 3096 1218 3151 cristas
1258 3098 1383 3167 Capitibus

251 3168 315 3216 cond
325 3166 415 3232 Pyrrhi
423 3167 480 3217 hedo
495 3169 598 3231 primum
616 3162 798 3234 vidrffintapad
837 3166 953 3218 Leonum
962 3183 1084 3230 annexas,
1104 3165 1167 3218 alibi
1174 3165 1286 3235 legitur.
1299 3168 1344 3221 hb.
1351 3165 1381 3219 11.

250 3232 333 3297 Hostes
345 3234 501 3302 Elephantos,
520 3237 546 3286 id
562 3233 609 3299 eft,
628 3236 798 3303 ,Quadrupedes
836 3252 863 3286 v.
881 3241 939 3300 632.
960 3232 1054 3289 sedsuo
1069 3234 1145 3298 loco,
1165 3237 1193 3291 8ι
1208 3253 1264 3288 una
1277 3250 1383 3294 vocevtr

249 3313 357 3354 cornutas
375 3303 451 3371 (nam
465 3323 521 3372 qnos
541 3305 616 3357 denes
632 3306 705 3355 multi
715 3306 797 3355 dicunt
835 3304 902 3367 siat,
921 3304 1007 3357 Faber.

242 3370 302 3432 sunt
316 3374 425 3438 cornua)
444 3373 536 3425 Lucam
550 3374 640 3427 Bovrm
659 3370 794 3442 appellasse:
872 3386 946 3439 1320.
967 3372 1149 3439 Deplexaequr.)
1168 3371 1289 3437 Solutar,
1309 3370 1383 3434 tat

250 3438 305 3501 Ego
325 3441 428 3491 arbitror
440 3442 605 3507 poriaslucas
621 3444 715 3503 dlucr,
735 3441 797 3508 quod
835 3470 888 3506 na,
907 3442 975 3494 unde
986 3442 1106 3506 Implico.
1126 3442 1179 3494 dre.
1216 3441 1273 3505 Qui
1289 3443 1384 3509 nepae

249 3506 316 3571 long?
334 3510 484 3571 relucebant,
508 3521 602 3578 propter
623 3512 742 3562 inauratas
759 3528 796 3561 rr·
836 3511 942 3577 legunt,
963 3510 989 3563 id
1007 3510 1062 3570 est,
1085 3508 1218 3573 Horrida,
1257 3512 1286 3565 ἀ
1305 3510 1382 3564 lotum

247 3576 299 3639 gius
315 3577 402 3639 clypeos
426 3581 508 3642 quibus
534 3598 613 3630 earum
634 3594 684 3630 trem
708 3588 796 3630 ornotae
836 3576 1179 3637 huncTerentiiafferunt‚
1201 3578 1268 3632 adeo
1276 3581 1383 3648 ἄφιππα

249 3652 316 3693 erant
329 3642 421 3694 Turres.
443 3645 547 3711 Frigida
556 3648 747 3714 interpretatio.
835 3649 911 3711 dabo,
933 3647 1038 3700 Somnia
1054 3643 1190 3699 somniant.
1229 3646 1297 3701 Haec
1315 3648 1384 3703 Fflk

286 3723 358 3775 1301.
383 3712 480 3762 Turrim
492 3716 619 3784 corpore.)
638 3716 795 3784 Elephantes
835 3714 848 3769 ὲ
865 3716 998 3768 Lentino:
1018 3715 1070 3767 Alii
1082 3716 1207 3776 Devrxae,
1221 3717 1251 3768 id
1258 3716 1317 3782 est,
1334 3731 1384 3788 pro·

249 3776 321 3831 dorso
329 3778 427 3831 Turres
439 3780 575 3846 gestabant.
836 3802 873 3838 na
883 3786 908 3837 &
919 3781 1034 3837 deorsum
1048 3790 1172 3838 ruentes:
1192 3783 1252 3851 Ego
1267 3785 1334 3840 verb
1341 3785 1385 3840 ue-

285 3861 359 3909 1302.
381 3847 577 3917 Anguimanos.)
612 3850 744 3905 Proboscis
761 3851 796 3905 E-
833 3859 929 3920 plexa,
951 3853 1001 3904 alia
1012 3848 1335 3920 prorsusfignifieationet
1353 3853 1385 3907 Bt

248 3913 365 3980 lephanti
378 3916 473 3968 Manus
484 3918 594 3982 dicitnr,
614 3919 656 3975 sed
675 3920 721 3974 illa
730 3922 796 3973 Ma-
835 3923 904 3973 enim
919 3929 1012 3989 auget3
1050 3921 1135 3987 Igitur
1157 3922 1294 3991 Deplexae,
1323 3916 1384 3977 arstt

248 4000 291 4033 nus
315 3983 391 4036 instar
418 3984 565 4053 Serpentis3
603 3989 677 4043 Unde
700 3991 795 4056 Angui—
835 3989 974 4056 amplexat,
1004 3986 1047 4044 seu
1064 3990 1214 4056 implicita,
1242 3991 1384 4069 postulante

248 4054 320 4101 mani.
833 4056 1141 4125 sernentiainterpretor3
1156 4060 1273 4115 invertu
1283 4058 1385 4129 sequen-

285 4133 357 4181 1307.
378 4120 519 4189 Monere.)
539 4122 611 4186 Alii,
633 4124 660 4176 in
673 4126 790 4179 Minora.
833 4129 872 4190 ti,
893 4130 994 4192 adfixa,
1016 4129 1041 4181 dr
1054 4128 1081 4179 in
1096 4128 1144 4181 hoc
1163 4125 1243 4183 versu
1262 4146 1320 4185 vox
1330 4128 1385 4183 Va·

284 4201 357 4253 1314.
381 4190 521 4257 Terrifieas,
542 4190 617 4260 ue.)
636 4190 715 4246 Hune
729 4194 793 4246 Vor-
833 4196 954 4249 dosidem
969 4193 1112 4249 confirmat
1214 4209 1217 4214 ·
1236 4211 1241 4217 ·
