3150 4967
388 467 528 600 ran
564 436 1147 586 rnanr'annrnrro„
1241 455 1308 570 ιιι

357 643 610 733 AEoemasmgra
621 654 726 732 panas
743 643 777 709 in
795 649 896 734 morte
915 633 1087 709 dmendr'tm
1139 623 1145 632 ¹

226 715 373 799 limane
416 730 511 801 Saxa
526 723 839 906 ffiue&smpulos
849 726 965 813 uides,
992 726 1172 814 Lecton&
1234 726 1338 818 ibus¹

229 811 446 905 gelougique
455 814 525 888 refu
584 815 723 888 edebes.
773 814 1004 901 Quamobrem
1013 815 1185 904 diligenter
1225 817 1312 890 cien-

226 903 351 991 uerit,
381 923 422 976 ut
433 902 720 992 desertarentisper
730 903 862 992 Epicuri
872 900 977 990 serta,
1002 905 1044 976 ad
1059 906 1220 976 rationem
1240 905 1312 978 Pla-

226 994 412 1066 ricorumte
423 992 591 1075 conferas,
615 996 674 1081 qui
681 994 812 1065 animos
829 992 959 1066 nostros
978 994 1013 1064 in
1028 993 1311 1067 immortalitatem

226 1100 385 1156 ruerunt.
436 1084 500 1157 Sed
510 1083 614 1157 tutilo
628 1084 759 1169 multo,
784 1080 834 1165 ss,
860 1079 983 1162 ornissis
1001 1080 1311 1168 dustuantiePhilo.

226 1165 294 1243 hiae
309 1171 634 1257 concertationibus,
658 1170 700 1242 ad
724 1172 812 1244 Eum
830 1171 916 1243 redll
935 1168 1098 1259 transeas,
1123 1171 1181 1260 qui
1197 1195 1310 1245 rerum

228 1260 325 1331 nium
355 1262 551 1349 Potentem,
600 1261 841 1335 Vivenrrun
873 1262 1010 1335 Druna:
1059 1279 1310 1336 nonturno

226 1370 430 1423 ›nruonunr
441 1371 525 1425 esse
535 1348 781 1422 demonstravit.
834 1350 980 1424 Altenrm
993 1373 1093 1436 vero,
1119 1351 1166 1420 mi
1176 1352 1324 1437 Lector,

226 1440 260 1511 td
274 1464 338 1527 ego
353 1458 430 1511 ante
450 1442 563 1512 oculos
574 1441 734 1528 perpetuo
752 1434 943 1511 habendum
953 1439 1117 1526 arbitror,
1142 1438 1207 1510 hoc
1222 1441 1305 1512 erit:

226 1528 286 1599 imi
298 1528 402 1600 nostri
411 1531 464 1600 vel
479 1524 657 1616 spirituales
668 1527 870 1614 habeantur,
896 1529 947 1599 vel
957 1530 1125 1616 corporei,
1151 1526 1306 1611 fivoles;

226 1617 337 1689 rcerte
347 1619 489 1689 Lucretii
499 1618 700 1706 argumentis
711 1617 800 1689 haud
810 1613 884 1687 sarie
903 1630 1097 1705 magnopere
1117 1619 1243 1690 moveri
1254 1618 1309 1689 de·

226 1730 318 1792 nus,
356 1731 434 1778 curn
453 1706 571 1793 nobis,
610 1708 667 1795 qui
700 1705 876 1779 Christiani
897 1701 1031 1792 sumus,
1063 1703 1243 1795 planiffimd
1274 1710 1308 1779 dt

226 1784 427 1895 ψφιβὸλως
448 1798 638 1894 persuasum
662 1802 724 1891 lit,
748 1801 820 1876 fore
843 1806 941 1877 etiarn
962 1805 1157 1891 aliquando,
1181 1828 1221 1876 ut
1237 1804 1308 1878 haec

226 1916 271 1967 ita
281 1896 429 1983 corporis
449 1896 572 1976 moles,
599 1916 697 1983 quam
710 1917 801 1966 nunc
817 1893 946 1965 animus
965 1891 1074 1963 noster
1096 1891 1304 1982 circumfert,

226 1984 405 2056 idiutumo
414 2007 580 2057 aratrorum
591 1985 753 2056 cuniculo
762 1984 1012 2071 computruerit,
1038 1982 1115 2053 dein
1123 1979 1307 2070 sparlafue·

226 2072 410 2161 acdisjetta
417 2123 430 2159 ,
453 2073 566 2145 denuo
577 2092 690 2145 tamen
699 2069 872 2159 coalescat,
899 2074 1108 2159 decoraque,
1131 2084 1203 2144 aere
1242 2089 1306 2145 ter.

229 2159 619 2251 collectauoonquifia,
647 2161 689 2232 ad
700 2160 975 2245 interminabilem
986 2159 1176 2233 laeculorum
1202 2162 1305 2235 oriem

227 2248 364 2335 leverat
405 2250 526 2323 Probet
535 2252 636 2339 igitur
650 2251 823 2323 Lucretius
832 2252 929 2338 qualrn
942 2250 1089 2336 lubebir,
1114 2274 1304 2344 corpoream

226 2341 431 2411 ranimorum
441 2357 594 2411 naturam
607 2389 618 2425 ,
643 2358 740 2428 atque
753 2333 835 2411 adeo
844 2339 918 2411 illos
928 2339 1073 2411 interitui
1085 2340 1248 2411 obnoxios
1259 2336 1306 2411 es-

243 2427 360 2500 iailille
375 2424 523 2517 profedlo
534 2430 654 2500 dixerit
666 2478 678 2514 ,
704 2428 793 2515 quod
804 2426 973 2500 hominem
995 2429 1072 2499 vere
1081 2426 1305 2500 Christianum

226 2514 471 2605 litpercellere;
489 2518 566 2589 clam
577 2517 723 2605 corporis
734 2515 835 2587 nostri
845 2511 1303 2589 resurrectionemffimmor.

226 2624 332 2679 tatem
349 2602 644 2693 praeteruniverlas
667 2603 881 2693 Phyfiologiae
901 2606 1070 2693 vulgaris,
1095 2629 1133 2675 ac
1152 2604 1304 2694 Chymiae

227 2720 269 2768 us
278 2696 424 2767 rationes
448 2696 542 2780 (nam
553 2695 817 2767 admirabilisilla
832 2702 995 2788 Operatio,
1020 2695 1061 2765 de
1071 2715 1136 2781 qua
1149 2696 1181 2766 dr
1195 2697 1304 2782 Qrer-

226 2809 304 2856 mus
318 2835 330 2869 ,
358 2786 476 2866 uarii,
504 2786 551 2855 nil
565 2785 607 2855 ad
620 2781 888 2855 resurrectionem
898 2807 1074 2871 corporum
1089 2780 1189 2871 facit)
1213 2782 1304 2856 lutu-

226 2874 448 2958 rcredarnuS,
473 2897 630 2960 quaeres,
656 2869 950 2962 sanonmajorem,
977 2873 1188 2960 (quanquam
1200 2875 1304 2964 majo·

226 2967 258 3051 a)
281 2984 395 3051 parem
406 2965 493 3033 certe
503 2965 536 3033 in
546 2959 610 3034 sese
619 2958 844 3033 difficultatem
855 2959 962 3034 habet
1012 2961 1089 3034 Hoc
1107 2964 1305 3035 tantumad-

226 3075 266 3139 ι,
292 3053 490 3125 Tertulliani
511 3052 728 3136 Traditum,
756 3049 872 3137 quide
895 3055 1014 3121 Animo
1033 3048 1240 3137 inscribitur,
1265 3053 1304 3125 in

226 3142 281 3213 nie
304 3138 410 3211 facere
432 3138 582 3213 adhunc
604 3141 727 3212 librum
743 3139 1010 3228 intelligendum:
1035 3140 1124 3211 Eum
1141 3137 1166 3211 fi
1185 3141 1300 3229 leges,

226 3227 467 3301 :stantiffimum
479 3228 553 3300 Viri
573 3225 688 3317 Magni
700 3252 784 3316 opus
796 3229 921 3317 legeris.
958 3228 1020 3300 Sed
1034 3248 1146 3299 tamen
1158 3227 1302 3301 estaliud

226 3320 445 3391 mtanrillum
455 3318 545 3404 quod
558 3340 591 3391 te
600 3316 771 3389 volebam:
798 3318 832 3391 Si
850 3316 929 3404 quid
947 3316 966 3387 a
986 3339 1039 3387 me
1057 3340 1098 3387 ex
1116 3336 1226 3389 mente
1236 3320 1302 3389 Lu-

226 3408 281 3495 ii,
308 3406 518 3479 velinhocce
527 3408 611 3478 libro
621 3408 746 3479 dictum
760 3402 869 3491 fuerit,
882 3407 936 3476 vel
949 3405 986 3475 in
994 3406 1077 3491 aliie,
1100 3402 1200 3478 facito
1215 3430 1302 3495 quae-

225 3518 252 3569 ιι
269 3497 482 3579 meminerim
508 3499 653 3568 Adorem
672 3493 730 3566 effe
751 3517 828 3580 me,
853 3509 923 3566 non
942 3495 1075 3566 Portam.
1124 3495 1301 3585 Quidquid

226 3588 328 3679 etale
339 3587 525 3675 properanti
535 3586 711 3671 exciderit,
737 3582 772 3653 id
789 3606 850 3672 ego
859 3607 958 3656 omne
968 3607 1028 3673 pro
1043 3583 1169 3658 indicto
1185 3583 1301 3661 haberi

226 3700 264 3747 a:
290 3676 412 3764 Neque
423 3676 513 3747 enim
521 3700 565 3747 ..ea
583 3675 663 3746 vitat
678 3670 797 3743 nostrae
814 3674 899 3744 ratio
910 3672 976 3759 est,
989 3691 1038 3759 ut,
1059 3695 1161 3763 quem
1173 3678 1301 3749 exitum

226 3760 412 3837 nuabrutis
420 3764 642 3836 animantibus
659 3760 719 3833 else
741 3762 872 3849 voluit,
897 3786 973 3834 eum
984 3785 1047 3835 nos
1056 3762 1217 3854 libenter,
1241 3765 1301 3839 ubi

226 3857 330 3929 nero
347 3855 367 3927 al
386 3877 523 3944 corpore
531 3854 662 3927 animus
672 3848 796 3939 fuerit,
821 3854 1042 3942 expectemus.
1068 3850 1177 3930 Vale..

1102 4286 1167 4408 τ.
1184 4220 1301 4409 nu.
