3150 4967
490 458 671 539 nara
718 449 1013 556 auru-rus.
1252 485 1322 558 309

169 625 371 714 Imperium
391 622 451 695 fibi
473 626 550 701 clm
562 678 574 713 ,
599 652 636 698 ac
658 624 861 698 summatum
881 623 1017 715 quisque
1032 627 1175 716 petebat
1233 643 1235 650 '

171 715 268 788 Inde
287 713 520 803 Magistratum
542 718 662 804 partim
682 716 823 787 docuere
844 740 973 801 creare,

169 808 332 892 juraque
354 805 574 895 constituere,
601 826 638 876 ut
657 806 779 877 vellent
800 805 930 894 legibus
950 806 1022 878 uti:

168 895 278 967 Nam
303 917 405 980 genus
428 895 625 966 Humanum
648 891 805 965 defelsum
827 896 862 964 vi
890 896 995 966 colere
1017 920 1144 983 aevum,

170 984 235 1057 Ex
263 984 446 1053 inimicitiis
471 983 668 1072 languebat,
694 988 762 1072 qud
780 985 885 1073 magis
910 983 1017 1073 ipsum
1238 1006 1324 1076 1145

169 1074 312 1160 Sponte
330 1070 389 1143 sua
411 1072 528 1143 cecidit
546 1070 606 1144 sub
630 1075 738 1162 leges,
763 1078 915 1161 ordoque
934 1077 1025 1162 jura:

168 1161 303 1235 aleran
323 1186 365 1233 ex
388 1163 440 1233 Ira
455 1162 547 1249 quod
572 1164 660 1234 enim
680 1159 713 1233 se
732 1160 868 1250 quisque
886 1163 1020 1251 parabat
1111 1240 1113 1244 ,

167 1248 334 1335 Ulcisci,¹
351 1252 449 1337 quam
469 1275 560 1322 nunc
582 1249 764 1323 concessum
785 1251 824 1321 'st
842 1252 985 1342 Legibus
1007 1254 1130 1341 aequis3
1211 1325 1226 1331 ,

167 1340 282 1414 Hanc
303 1339 436 1411 obrem
457 1340 496 1414 ’st
517 1342 682 1416 Homines
702 1338 876 1434 pertaesum
896 1342 930 1412 vi
950 1343 1210 1416 colere-aevum:

167 1430 283 1504 Unde
303 1432 418 1501 Metus
443 1433 585 1502 maculat
605 1455 781 1519 poenarum
807 1432 939 1518 praemia
961 1433 1049 1503 vitae.
1239 1452 1324 1524 1150

169 1519 397 1591 Circumretit
416 1521 505 1590 enim
524 1521 588 1593 Vis
611 1541 710 1609 atque
729 1520 854 1610 Injuria
874 1545 1050 1609 quemque,

168 1612 315 1696 Atque,
340 1608 430 1680 unde
454 1630 569 1681 exorta
587 1609 645 1693 ’st,
670 1611 712 1681 ad
732 1611 810 1680 eum
830 1610 1024 1698 plerumque
1048 1610 1208 1692 revertit3

169 1697 257 1770 Nec
277 1694 372 1768 facile
396 1696 434 1767 ’st
455 1699 615 1785 placidam
629 1724 666 1770 ao
681 1721 829 1788 pacatam
849 1700 966 1788 degere
987 1701 1106 1788 vitam,

170 1789 253 1874 Qri
277 1788 382 1859 violat
400 1784 494 1861 fanis
517 1790 708 1860 eommunia
728 1786 853 1860 soedera
871 1790 968 1876 pacis.

170 1875 247 1949 Etsi
265 1875 350 1948 fallit
368 1878 459 1947 enim
480 1878 611 1949 Dirum
632 1904 736 1968 genus
757 1878 1034 1964 Humanumque,
1235 1898 1321 1969 1155

172 1964 346 2053 Perpetuo
368 1986 480 2040 tamen
499 1966 533 2037 id
555 1965 626 2038 sore
648 1970 730 2040 clam
751 1964 901 2038 diffidere
921 1968 1039 2038 debet:

176 2058 317 2145 Quippe
336 2055 395 2126 ubi
420 2052 453 2126 se
474 2057 571 2127 multi
594 2082 652 2145 per
678 2059 815 2129 Somnia
833 2054 916 2145 saepe
938 2058 1122 2146 loquentes,

180 2147 248 2217 llut
270 2144 396 2217 Morbo
416 2146 591 2217 delirantes
616 2152 771 2234 procraxe
796 2142 955 2232 serantur,

180 2234 220 2307 Et
243 2235 346 2305 celata
370 2234 428 2305 diu
453 2237 489 2305 in
511 2235 658 2306 medium
670 2239 812 2323 §ereata
831 2233 958 2307 dedisse.

180 2323 285 2397 Nunc
311 2348 384 2410 quae
408 2322 503 2396 causa
521 2327 634 2397 Deum
653 2350 710 2414 per
732 2350 867 2413 magnas
887 2326 1040 2398 Numina
1059 2326 1185 2417 genteis
1237 2338 1321 2400 1160

178 2412 410 2501 Pervolgarit,
438 2416 470 2485 &
499 2439 629 2485 ararum
650 2415 867 2501 compleverit
883 2416 1009 2502 urbeis,

179 2500 454 2591 Suscipiendaque
473 2506 592 2581 ourdrit
619 2501 767 2575 solennia
783 2500 881 2589 sacra,

181 2592 207 2631 “
230 2596 318 2682 Qrae
338 2618 429 2667 nunc
448 2594 486 2667 in
506 2594 633 2685 magnis
650 2594 771 2667 florent:
793 2590 879 2670 sacra
898 2592 991 2667 rebu‘
1014 2590 1177 2683 locisque:

1221 2684 1320 2758 Unde
1393 2766 1397 2786 f

212 2884 289 2937 1141.
309 2871 486 2941 Summarum.)
518 2874 654 2928 Summum
672 2890 729 2944 gra-
764 2874 993 2931 tisinoertumest.
1032 2873 1081 2928 Ista
1100 2882 1186 2928 autem
1206 2873 1319 2927 Simulo-

175 2940 259 3005 dum,
279 2949 325 2994 aut
334 2938 445 2995 summos
455 2943 573 2997 honores.
760 2946 822 2997 chra
846 2954 970 3011 perpetuo
998 2945 1026 2997 in
1052 2952 1152 2997 mentes
1172 2943 1320 2997 Hominum

212 3023 289 3076 1142.
310 3010 449 3077 Decurre.)
473 3007 585 3075 Forsan,
606 3012 726 3065 Didicere.
760 3022 814 3067 tam
839 3013 1007 3081 vigilantium
1033 3011 1110 3081 quim
1132 3013 1319 3067 dormientium

211 3092 288 3142 1150.
312 3079 381 3132 (hade
394 3092 472 3132 metm
489 3078 619 3146 maculat.)
649 3080 728 3148 Aper·
759 3078 863 3136 incursu
877 3079 1036 3140 efficiebant,
1053 3090 1082 3135 ut
1091 3082 1251 3145 conjicerent
1265 3082 1319 3134 Ho-

173 3148 228 3202 tior
243 3147 431 3206 triurnhorum
451 3145 573 3202 versuum
588 3146 727 3215 sententia,
759 3152 842 3203 mines
862 3158 950 3204 extare
969 3150 1064 3203 alicubi
1092 3148 1152 3214 ipsas
1172 3147 1317 3201 conlimiles

173 3212 558 3280 silavertaturillorumordo,
759 3228 882 3279 naturas,
904 3217 1089 3284 intelligentiae
1099 3233 1221 3282 capaces,
1243 3218 1318 3283 quiq·
1369 3243 1371 3246 ·

211 3285 363 3337 fflwmrrtit
384 3288 446 3337 enim
472 3291 512 3339 vir
539 3296 610 3355 atque
635 3289 728 3352 injuria
759 3287 920 3355 peMembra
936 3301 1059 3347 movere,
1081 3287 1107 3338 dc
1121 3284 1193 3351 loqui
1205 3284 1319 3337 Simula-

256 3371 398 3421 quemque,
759 3357 820 3410 chre
846 3356 1025 3408 videbantur:
1055 3351 1217 3405 immortales
1239 3353 1317 3405 etiam

209 3418 290 3489 Atque
301 3424 361 3476 unde
374 3431 457 3475 exorta
473 3421 545 3487 estad
562 3426 728 3492 cumplerum·
759 3424 880 3493 quoniam
906 3426 993 3478 eudem
1023 3419 1121 3489 semper
1141 3420 1318 3474 Simulachro·

275 3507 319 3557 que
328 3494 438 3554 revertit,
758 3509 817 3547 rum
828 3491 929 3557 forma,
952 3494 977 3546 ἃ
995 3487 1117 3543 immensa
1129 3489 1237 3543 illorum
1256 3492 1314 3543 vir-

212 3556 386 3622 Undcmetur,
408 3560 458 3614 &a
758 3570 819 3624 tus,
841 3578 867 3614 v.
878 3575 904 3625 4.
933 3560 1024 3614 Beatos
1043 3560 1171 3627 denique,
1192 3560 1317 3629 quoniam

210 3634 285 3694 1158.
305 3624 464 3696 Procrixe.)
483 3626 598 3684 Verbum
619 3629 727 3696 originis
757 3645 840 3699 neque
850 3630 928 3684 Metu
943 3630 1038 3683 Mortis
1050 3628 1231 3683 necPericulis
1242 3637 1317 3683 erant

171 3692 290 3758 Gaea,
327 3693 342 3747 d
365 3698 480 3789 κῖέζμ,
510 3699 630 3773 dugaw,
660 3698 727 3752 uode
758 3705 877 3761 vexatae,
907 3701 933 3752 dr
954 3714 1087 3766 nunquam
1109 3694 1201 3751 lassata
1221 3706 1316 3752 aeterno

168 3761 255 3817 Poeta
264 3761 341 3817 finxit
359 3794 388 3825 η
407 3782 530 3834 procrago
548 3804 556 3824 ,
577 3768 674 3820 Faber:
694 3766 727 3819 A.
757 3765 826 3836 quali
838 3768 891 3822 otio
902 3766 1065 3822 ftuehantur.
1083 3783 1108 3819 v.
1118 3779 1144 3832 4.

169 3830 224 3896 lii,
246 3832 365 3888 protraxe
375 3852 422 3902 pto
433 3833 596 3891 Protraxiffe.
792 3842 865 3899 1163.
887 3836 951 3905 Quae
967 3854 1029 3889 trane
1049 3839 1076 3888 in
1094 3838 1207 3902 moguir,
1225 3833 1313 3901 dcc.)

210 3906 283 3957 1160.
303 3904 532 3972 Nuncquaecausa,
555 3905 623 3971 dre.)
643 3904 727 3971 Apri·
755 3901 806 3958 Hic
818 3902 911 3960 versus
923 3903 966 3966 vel
977 3904 1085 3973 Spurius
1100 3904 1153 3967 est,
1188 3902 1315 3957 velextra

169 3985 216 4021 mo
232 3968 376 4025 Hominum
394 3981 454 4027 ortu
472 3972 597 4039 Religio,
617 3976 644 4029 de
660 3973 727 4027 Deo-
755 3990 857 4028 omnem
876 3974 994 4027 medendi
1015 3972 1086 4041 spem
1112 3974 1202 4038 jacet,
1228 3968 1314 4025 sensae

169 4053 232 4092 rum
249 4047 355 4102 aretusa
386 4040 461 4099 Unde
486 4040 550 4096 vero
569 4041 614 4095 ista
633 4041 715 4095 Numi
756 4040 1112 4105 euimilliuselsedebuerat‚

169 4124 238 4162 num
253 4110 386 4164 notities?
405 4110 604 4167 aSimulachris
623 4108 727 4177 quibus·
789 4111 854 4179 Qua
870 4130 933 4165 nunc
949 4115 975 4164 in
994 4111 1083 4165 curallo
1092 4112 1198 4176 fumant
1219 4108 1313 4175 orisque

169 4176 248 4239 dam,
270 4173 352 4232 &Diis
367 4178 427 4246 ipsis
444 4179 552 4248 (quibus
573 4178 642 4247 quasi
664 4179 725 4231 Cor·
849 4181 971 4247 fonfque.
1273 4244 1279 4256 Ι

168 4260 221 4311 pus
235 4247 261 4298 ἃ
274 4245 344 4313 quasa
361 4248 517 4316 Sanguinem
527 4248 647 4302 attribuit
663 4248 724 4313 Epi·
754 4248 841 4302 Faber.
879 4249 914 4305 At
926 4246 1001 4304 sanus
1010 4249 1115 4304 videtur
1127 4241 1220 4301 versus
1235 4245 1261 4299 dr
1271 4260 1317 4317 ιιι-Ι

169 4314 266 4379 curus)
283 4316 491 4383 profluentium,
511 4313 663 4372 anfortuito
680 4323 726 4370 ira·
756 4319 855 4441 te'g'eriJ
904 4337 909 4346 ·

591 4535 601 4632 l
687 4639 690 4650 ,
