<?xml version="1.0" encoding="UTF-8"?>
<!DOCTYPE html PUBLIC "-//W3C//DTD XHTML 1.0 Transitional//EN"
    "http://www.w3.org/TR/xhtml1/DTD/xhtml1-transitional.dtd">
<html xmlns="http://www.w3.org/1999/xhtml" xml:lang="en" lang="en">
 <head>
  <title>
</title>
<meta http-equiv="Content-Type" content="text/html;charset=utf-8" />
  <meta name='ocr-system' content='tesseract 3.04.00' />
  <meta name='ocr-capabilities' content='ocr_page ocr_carea ocr_par ocr_line ocrx_word'/>
</head>
<body>
  <div class='ocr_page' id='page_1' title='image "./tlucretiicaride02carugoog_0337.png"; bbox 0 0 3150 4967; ppageno 0'>
   <div class='ocr_carea' id='block_1_1' title="bbox 455 481 977 583">
    <p class='ocr_par' dir='ltr' id='par_1_1' title="bbox 455 481 977 583">
     <span class='ocr_line' id='line_1_1' title="bbox 455 481 977 583; baseline 0.008 -18"><span class='ocrx_word' id='word_1_1' title='bbox 455 481 635 568; x_wconf 86' lang='lat' dir='ltr'>LIBER</span> <span class='ocrx_word' id='word_1_2' title='bbox 678 486 977 583; x_wconf 85' lang='lat' dir='ltr'><strong>QUINTUS.</strong></span> 
     </span>
    </p>
   </div>
   <div class='ocr_carea' id='block_1_2' title="bbox 238 654 1189 2803">
    <p class='ocr_par' dir='ltr' id='par_1_2' title="bbox 249 654 1048 746">
     <span class='ocr_line' id='line_1_2' title="bbox 249 654 1048 746; baseline 0.005 -19"><span class='ocrx_word' id='word_1_3' title='bbox 249 704 261 742; x_wconf 92' lang='lat'>,</span> <span class='ocrx_word' id='word_1_4' title='bbox 287 655 393 727; x_wconf 77' lang='lat' dir='ltr'>Lacus</span> <span class='ocrx_word' id='word_1_5' title='bbox 405 704 417 742; x_wconf 92' lang='lat'>,</span> <span class='ocrx_word' id='word_1_6' title='bbox 442 654 573 741; x_wconf 87' lang='lat' dir='ltr'>Rivos‚</span> <span class='ocrx_word' id='word_1_7' title='bbox 599 657 751 744; x_wconf 79' lang='lat' dir='ltr'>Segetae,</span> <span class='ocrx_word' id='word_1_8' title='bbox 777 657 1048 746; x_wconf 80' lang='lat' dir='ltr'>vinetaquetaeta</span> 
     </span>
    </p>

    <p class='ocr_par' dir='ltr' id='par_1_3' title="bbox 238 744 1069 836">
     <span class='ocr_line' id='line_1_3' title="bbox 238 744 1069 836; baseline 0.008 -21"><span class='ocrx_word' id='word_1_9' title='bbox 238 748 316 830; x_wconf 80' lang='lat' dir='ltr'>bus,</span> <span class='ocrx_word' id='word_1_10' title='bbox 344 749 376 816; x_wconf 79' lang='lat' dir='ltr'>lle</span> <span class='ocrx_word' id='word_1_11' title='bbox 397 747 518 832; x_wconf 87' lang='lat' dir='ltr'>campis</span> <span class='ocrx_word' id='word_1_12' title='bbox 538 764 578 816; x_wconf 90' lang='lat' dir='ltr'>ut</span> <span class='ocrx_word' id='word_1_13' title='bbox 597 744 778 832; x_wconf 88' lang='lat' dir='ltr'>haberent,</span> <span class='ocrx_word' id='word_1_14' title='bbox 804 749 1069 836; x_wconf 75' lang='lat' dir='ltr'>atque&#39;olearum</span> 
     </span>
    </p>

    <p class='ocr_par' dir='ltr' id='par_1_4' title="bbox 238 832 1178 1013">
     <span class='ocr_line' id='line_1_4' title="bbox 238 832 1178 923; baseline 0.005 -19"><span class='ocrx_word' id='word_1_15' title='bbox 238 837 275 905; x_wconf 80' lang='lat' dir='ltr'>ila</span> <span class='ocrx_word' id='word_1_16' title='bbox 299 832 504 923; x_wconf 81' lang='lat' dir='ltr'>distinguens</span> <span class='ocrx_word' id='word_1_17' title='bbox 524 835 611 905; x_wconf 86' lang='lat' dir='ltr'>inter</span> <span class='ocrx_word' id='word_1_18' title='bbox 628 838 721 923; x_wconf 85' lang='lat' dir='ltr'>plaga</span> <span class='ocrx_word' id='word_1_19' title='bbox 746 859 876 907; x_wconf 88' lang='lat' dir='ltr'>currere</span> <span class='ocrx_word' id='word_1_20' title='bbox 897 834 997 923; x_wconf 85' lang='lat' dir='ltr'>posset</span> <span class='ocrx_word' id='word_1_21' title='bbox 1175 848 1178 853; x_wconf 82' lang='grc'><strong>’</strong></span> 
     </span>
     <span class='ocr_line' id='line_1_5' title="bbox 240 923 1065 1013; baseline 0.002 -17"><span class='ocrx_word' id='word_1_22' title='bbox 240 926 395 1011; x_wconf 76' lang='lat' dir='ltr'>emulos,</span> <span class='ocrx_word' id='word_1_23' title='bbox 423 925 671 1009; x_wconf 86' lang='lat' dir='ltr'>&amp;convalleis‚</span> <span class='ocrx_word' id='word_1_24' title='bbox 697 923 891 1013; x_wconf 88' lang='lat' dir='ltr'>camposque</span> <span class='ocrx_word' id='word_1_25' title='bbox 913 923 1065 1013; x_wconf 73' lang='lat' dir='ltr'>profusae</span> 
     </span>
    </p>

    <p class='ocr_par' dir='ltr' id='par_1_5' title="bbox 238 1013 907 1103">
     <span class='ocr_line' id='line_1_6' title="bbox 238 1013 907 1103; baseline 0 -18"><span class='ocrx_word' id='word_1_26' title='bbox 238 1038 304 1085; x_wconf 91' lang='lat' dir='ltr'>unc</span> <span class='ocrx_word' id='word_1_27' title='bbox 324 1013 383 1085; x_wconf 88' lang='lat' dir='ltr'>else</span> <span class='ocrx_word' id='word_1_28' title='bbox 401 1014 495 1085; x_wconf 90' lang='lat' dir='ltr'>vides</span> <span class='ocrx_word' id='word_1_29' title='bbox 513 1015 606 1085; x_wconf 87' lang='lat' dir='ltr'>vario</span> <span class='ocrx_word' id='word_1_30' title='bbox 625 1014 775 1085; x_wconf 60' lang='lat' dir='ltr'>distinete</span> <span class='ocrx_word' id='word_1_31' title='bbox 796 1017 907 1103; x_wconf 89' lang='lat' dir='ltr'>lepore</span> 
     </span>
    </p>

    <p class='ocr_par' dir='ltr' id='par_1_6' title="bbox 238 1102 1026 1281">
     <span class='ocr_line' id='line_1_7' title="bbox 238 1102 1026 1191; baseline 0.006 -18"><span class='ocrx_word' id='word_1_32' title='bbox 238 1106 303 1189; x_wconf 83' lang='lat' dir='ltr'>ia,</span> <span class='ocrx_word' id='word_1_33' title='bbox 329 1128 401 1189; x_wconf 83' lang='lat' dir='ltr'>quae</span> <span class='ocrx_word' id='word_1_34' title='bbox 421 1104 528 1191; x_wconf 85' lang='lat' dir='ltr'>pomis</span> <span class='ocrx_word' id='word_1_35' title='bbox 550 1102 694 1174; x_wconf 75' lang='lat' dir='ltr'>intersita</span> <span class='ocrx_word' id='word_1_36' title='bbox 716 1103 867 1175; x_wconf 88' lang='lat' dir='ltr'>dulcibus</span> <span class='ocrx_word' id='word_1_37' title='bbox 887 1122 1026 1177; x_wconf 85' lang='lat' dir='ltr'>otnant:</span> 
     </span>
     <span class='ocr_line' id='line_1_8' title="bbox 239 1189 946 1281; baseline 0.003 -18"><span class='ocrx_word' id='word_1_38' title='bbox 239 1192 354 1281; x_wconf 87' lang='lat' dir='ltr'>stisque</span> <span class='ocrx_word' id='word_1_39' title='bbox 375 1211 491 1265; x_wconf 88' lang='lat' dir='ltr'>tenent</span> <span class='ocrx_word' id='word_1_40' title='bbox 510 1190 660 1264; x_wconf 81' lang='lat' dir='ltr'>felicibus</span> <span class='ocrx_word' id='word_1_41' title='bbox 686 1189 790 1263; x_wconf 83' lang='lat' dir='ltr'>obsita</span> <span class='ocrx_word' id='word_1_42' title='bbox 812 1194 946 1265; x_wconf 83' lang='lat' dir='ltr'>citedm.</span> 
     </span>
    </p>

    <p class='ocr_par' dir='ltr' id='par_1_7' title="bbox 253 1282 903 1371">
     <span class='ocr_line' id='line_1_9' title="bbox 253 1282 903 1371; baseline 0.002 -20"><span class='ocrx_word' id='word_1_43' title='bbox 253 1282 389 1371; x_wconf 87' lang='lat' dir='ltr'>liquidas</span> <span class='ocrx_word' id='word_1_44' title='bbox 409 1284 523 1354; x_wconf 88' lang='lat' dir='ltr'>avium</span> <span class='ocrx_word' id='word_1_45' title='bbox 545 1306 642 1353; x_wconf 87' lang='lat' dir='ltr'>voces</span> <span class='ocrx_word' id='word_1_46' title='bbox 667 1282 825 1358; x_wconf 85' lang='lat' dir='ltr'>imitarier</span> <span class='ocrx_word' id='word_1_47' title='bbox 847 1307 903 1354; x_wconf 92' lang='lat' dir='ltr'>ore</span> 
     </span>
    </p>

    <p class='ocr_par' dir='ltr' id='par_1_8' title="bbox 240 1371 1069 1640">
     <span class='ocr_line' id='line_1_10' title="bbox 255 1371 997 1460; baseline 0.004 -17"><span class='ocrx_word' id='word_1_48' title='bbox 255 1371 319 1443; x_wconf 83' lang='lat' dir='ltr'>suit</span> <span class='ocrx_word' id='word_1_49' title='bbox 343 1373 474 1458; x_wconf 86' lang='lat' dir='ltr'>multb,</span> <span class='ocrx_word' id='word_1_50' title='bbox 500 1374 599 1459; x_wconf 76' lang='lat' dir='ltr'>quam</span> <span class='ocrx_word' id='word_1_51' title='bbox 619 1373 713 1442; x_wconf 85' lang='lat' dir='ltr'>laevia</span> <span class='ocrx_word' id='word_1_52' title='bbox 730 1372 874 1443; x_wconf 85' lang='lat' dir='ltr'>carmina</span> <span class='ocrx_word' id='word_1_53' title='bbox 899 1392 997 1460; x_wconf 89' lang='lat' dir='ltr'>cantu</span> 
     </span>
     <span class='ocr_line' id='line_1_11' title="bbox 241 1456 1069 1553; baseline -0.001 -22"><span class='ocrx_word' id='word_1_54' title='bbox 241 1456 554 1533; x_wconf 85' lang='lat' dir='ltr'>elebrare·homines</span> <span class='ocrx_word' id='word_1_55' title='bbox 575 1459 719 1550; x_wconf 84' lang='lat' dir='ltr'>possent,</span> <span class='ocrx_word' id='word_1_56' title='bbox 745 1458 914 1550; x_wconf 81' lang='lat' dir='ltr'>aureisque</span> <span class='ocrx_word' id='word_1_57' title='bbox 938 1464 1069 1553; x_wconf 83' lang='lat' dir='ltr'>juvare..</span> 
     </span>
     <span class='ocr_line' id='line_1_12' title="bbox 240 1548 1033 1640; baseline 0.009 -21"><span class='ocrx_word' id='word_1_58' title='bbox 240 1550 355 1639; x_wconf 87' lang='lat' dir='ltr'>ephyri</span> <span class='ocrx_word' id='word_1_59' title='bbox 376 1572 456 1621; x_wconf 84' lang='lat' dir='ltr'>cava</span> <span class='ocrx_word' id='word_1_60' title='bbox 474 1572 531 1639; x_wconf 88' lang='lat' dir='ltr'>per</span> <span class='ocrx_word' id='word_1_61' title='bbox 550 1552 751 1622; x_wconf 81' lang='lat' dir='ltr'>calamorum</span> <span class='ocrx_word' id='word_1_62' title='bbox 773 1548 864 1622; x_wconf 88' lang='lat' dir='ltr'>fibila</span> <span class='ocrx_word' id='word_1_63' title='bbox 886 1554 1033 1640; x_wconf 89' lang='lat' dir='ltr'>primum</span> 
     </span>
    </p>

    <p class='ocr_par' dir='ltr' id='par_1_9' title="bbox 238 1638 1132 1817">
     <span class='ocr_line' id='line_1_13' title="bbox 238 1638 1132 1727; baseline 0.004 -17"><span class='ocrx_word' id='word_1_64' title='bbox 238 1639 306 1712; x_wconf 65' lang='lat' dir='ltr'>leis</span> <span class='ocrx_word' id='word_1_65' title='bbox 330 1638 470 1712; x_wconf 82' lang='lat' dir='ltr'>docuere</span> <span class='ocrx_word' id='word_1_66' title='bbox 490 1663 584 1712; x_wconf 82' lang='lat' dir='ltr'>cavas</span> <span class='ocrx_word' id='word_1_67' title='bbox 606 1641 718 1711; x_wconf 87' lang='lat' dir='ltr'>inflare</span> <span class='ocrx_word' id='word_1_68' title='bbox 738 1641 884 1727; x_wconf 85' lang='lat' dir='ltr'>cicutas,</span> <span class='ocrx_word' id='word_1_69' title='bbox 1040 1643 1043 1648; x_wconf 76' lang='grc'><strong>’</strong></span> <span class='ocrx_word' id='word_1_70' title='bbox 1129 1654 1132 1659; x_wconf 88' lang='grc'><strong>’</strong></span> 
     </span>
     <span class='ocr_line' id='line_1_14' title="bbox 248 1726 929 1817; baseline 0.003 -18"><span class='ocrx_word' id='word_1_71' title='bbox 248 1731 437 1801; x_wconf 76' lang='lat' dir='ltr'>minutatim</span> <span class='ocrx_word' id='word_1_72' title='bbox 457 1726 581 1801; x_wconf 86' lang='lat' dir='ltr'>dulceis</span> <span class='ocrx_word' id='word_1_73' title='bbox 602 1730 742 1800; x_wconf 81' lang='lat' dir='ltr'>didicere</span> <span class='ocrx_word' id='word_1_74' title='bbox 759 1731 929 1817; x_wconf 87' lang='lat' dir='ltr'>querelas,</span> 
     </span>
    </p>

    <p class='ocr_par' dir='ltr' id='par_1_10' title="bbox 238 1817 970 1909">
     <span class='ocr_line' id='line_1_15' title="bbox 238 1817 970 1909; baseline 0.003 -20"><span class='ocrx_word' id='word_1_75' title='bbox 238 1846 245 1889; x_wconf 85' lang='lat' dir='ltr'>r</span> <span class='ocrx_word' id='word_1_76' title='bbox 266 1844 345 1907; x_wconf 87' lang='lat' dir='ltr'>quas</span> <span class='ocrx_word' id='word_1_77' title='bbox 365 1817 474 1892; x_wconf 83' lang='lat' dir='ltr'>fundit</span> <span class='ocrx_word' id='word_1_78' title='bbox 494 1818 605 1909; x_wconf 85' lang='lat' dir='ltr'>digitis</span> <span class='ocrx_word' id='word_1_79' title='bbox 626 1817 750 1907; x_wconf 82' lang='lat' dir='ltr'>pulsatu</span> <span class='ocrx_word' id='word_1_80' title='bbox 770 1838 970 1906; x_wconf 84' lang='lat' dir='ltr'>canentum,</span> 
     </span>
    </p>

    <p class='ocr_par' dir='ltr' id='par_1_11' title="bbox 238 1906 1118 2087">
     <span class='ocr_line' id='line_1_16' title="bbox 249 1906 1118 1998; baseline 0 -19"><span class='ocrx_word' id='word_1_81' title='bbox 249 1930 306 1997; x_wconf 89' lang='lat' dir='ltr'>per</span> <span class='ocrx_word' id='word_1_82' title='bbox 329 1931 484 1991; x_wconf 85' lang='lat' dir='ltr'>nemora,</span> <span class='ocrx_word' id='word_1_83' title='bbox 510 1932 547 1980; x_wconf 86' lang='lat' dir='ltr'>ac</span> <span class='ocrx_word' id='word_1_84' title='bbox 564 1908 671 1997; x_wconf 81' lang='lat' dir='ltr'>sylvas</span> <span class='ocrx_word' id='word_1_85' title='bbox 690 1906 850 1997; x_wconf 82' lang='lat' dir='ltr'>saltusque</span> <span class='ocrx_word' id='word_1_86' title='bbox 871 1927 1019 1997; x_wconf 88' lang='lat' dir='ltr'>reperta,</span> <span class='ocrx_word' id='word_1_87' title='bbox 1103 1981 1118 1998; x_wconf 29' lang='lat'>&lt;-</span> 
     </span>
     <span class='ocr_line' id='line_1_17' title="bbox 238 1996 1040 2087; baseline 0.004 -21"><span class='ocrx_word' id='word_1_88' title='bbox 238 2022 301 2069; x_wconf 86' lang='lat' dir='ltr'>oca</span> <span class='ocrx_word' id='word_1_89' title='bbox 320 1998 486 2087; x_wconf 88' lang='lat' dir='ltr'>pastorum</span> <span class='ocrx_word' id='word_1_90' title='bbox 506 1996 650 2083; x_wconf 87' lang='lat' dir='ltr'>deserta,</span> <span class='ocrx_word' id='word_1_91' title='bbox 675 2021 773 2085; x_wconf 88' lang='lat' dir='ltr'>atque</span> <span class='ocrx_word' id='word_1_92' title='bbox 794 2000 953 2070; x_wconf 86' lang='lat' dir='ltr'>otiadia:</span> <span class='ocrx_word' id='word_1_93' title='bbox 1036 2073 1040 2086; x_wconf 63' lang='grc'>,</span> 
     </span>
    </p>

    <p class='ocr_par' dir='ltr' id='par_1_12' title="bbox 238 2087 1123 2265">
     <span class='ocr_line' id='line_1_18' title="bbox 238 2087 1123 2176; baseline 0.003 -19"><span class='ocrx_word' id='word_1_94' title='bbox 238 2111 327 2158; x_wconf 89' lang='lat' dir='ltr'>mum</span> <span class='ocrx_word' id='word_1_95' title='bbox 348 2087 503 2176; x_wconf 89' lang='lat' dir='ltr'>quicquid</span> <span class='ocrx_word' id='word_1_96' title='bbox 526 2089 694 2175; x_wconf 83' lang='lat' dir='ltr'>paullatim</span> <span class='ocrx_word' id='word_1_97' title='bbox 713 2087 974 2174; x_wconf 78' lang='lat' dir='ltr'>protrahitffitas</span> <span class='ocrx_word' id='word_1_98' title='bbox 1064 2101 1067 2108; x_wconf 87' lang='grc'><strong>’</strong></span> <span class='ocrx_word' id='word_1_99' title='bbox 1120 2163 1123 2174; x_wconf 70' lang='grc'>,</span> 
     </span>
     <span class='ocr_line' id='line_1_19' title="bbox 238 2177 992 2265; baseline 0.005 -19"><span class='ocrx_word' id='word_1_100' title='bbox 238 2177 377 2263; x_wconf 66' lang='lat' dir='ltr'>redium,</span> <span class='ocrx_word' id='word_1_101' title='bbox 402 2178 566 2265; x_wconf 89' lang='lat' dir='ltr'>Ratioque</span> <span class='ocrx_word' id='word_1_102' title='bbox 586 2178 622 2246; x_wconf 92' lang='lat' dir='ltr'>in</span> <span class='ocrx_word' id='word_1_103' title='bbox 643 2178 777 2248; x_wconf 79' lang='lat' dir='ltr'>luminis</span> <span class='ocrx_word' id='word_1_104' title='bbox 799 2179 885 2250; x_wconf 89' lang='lat' dir='ltr'>eruit</span> <span class='ocrx_word' id='word_1_105' title='bbox 909 2203 992 2258; x_wconf 84' lang='lat' dir='ltr'>oras.</span> 
     </span>
    </p>

    <p class='ocr_par' dir='ltr' id='par_1_13' title="bbox 238 2266 1189 2803">
     <span class='ocr_line' id='line_1_20' title="bbox 249 2266 1076 2355; baseline 0.005 -19"><span class='ocrx_word' id='word_1_106' title='bbox 249 2268 377 2338; x_wconf 91' lang='lat' dir='ltr'>animos</span> <span class='ocrx_word' id='word_1_107' title='bbox 403 2267 475 2338; x_wconf 84' lang='lat' dir='ltr'>ollis</span> <span class='ocrx_word' id='word_1_108' title='bbox 499 2266 688 2339; x_wconf 87' lang='lat' dir='ltr'>mulcebant</span> <span class='ocrx_word' id='word_1_109' title='bbox 709 2285 807 2353; x_wconf 87' lang='lat' dir='ltr'>atque</span> <span class='ocrx_word' id='word_1_110' title='bbox 827 2268 989 2355; x_wconf 85' lang='lat' dir='ltr'>juvabant</span> <span class='ocrx_word' id='word_1_111' title='bbox 1071 2279 1076 2288; x_wconf 87' lang='grc'><em>“</em></span> 
     </span>
     <span class='ocr_line' id='line_1_21' title="bbox 259 2352 1158 2430; baseline 0.003 -4"><span class='ocrx_word' id='word_1_112' title='bbox 259 2354 370 2427; x_wconf 89' lang='lat' dir='ltr'>satiate</span> <span class='ocrx_word' id='word_1_113' title='bbox 389 2355 473 2428; x_wconf 89' lang='lat' dir='ltr'>cibi:</span> <span class='ocrx_word' id='word_1_114' title='bbox 499 2379 578 2427; x_wconf 89' lang='lat' dir='ltr'>nam</span> <span class='ocrx_word' id='word_1_115' title='bbox 600 2378 674 2429; x_wconf 91' lang='lat' dir='ltr'>tum</span> <span class='ocrx_word' id='word_1_116' title='bbox 697 2352 772 2427; x_wconf 89' lang='lat' dir='ltr'>sunt</span> <span class='ocrx_word' id='word_1_117' title='bbox 790 2356 903 2428; x_wconf 81' lang='lat' dir='ltr'>omnia</span> <span class='ocrx_word' id='word_1_118' title='bbox 930 2357 1031 2430; x_wconf 72' lang='lat' dir='ltr'>cordi.</span> <span class='ocrx_word' id='word_1_119' title='bbox 1054 2409 1055 2413; x_wconf 49' lang='lat'><em>=</em></span> <span class='ocrx_word' id='word_1_120' title='bbox 1151 2361 1158 2422; x_wconf 81' lang='grc'>’.</span> 
     </span>
     <span class='ocr_line' id='line_1_22' title="bbox 257 2440 1189 2535; baseline 0.002 -20"><span class='ocrx_word' id='word_1_121' title='bbox 257 2445 366 2533; x_wconf 87' lang='lat' dir='ltr'>itaque</span> <span class='ocrx_word' id='word_1_122' title='bbox 385 2448 469 2517; x_wconf 90' lang='lat' dir='ltr'>inter</span> <span class='ocrx_word' id='word_1_123' title='bbox 487 2442 520 2517; x_wconf 90' lang='lat' dir='ltr'>se</span> <span class='ocrx_word' id='word_1_124' title='bbox 539 2440 690 2535; x_wconf 85' lang='lat' dir='ltr'>prostrati</span> <span class='ocrx_word' id='word_1_125' title='bbox 711 2447 746 2516; x_wconf 92' lang='lat' dir='ltr'>in</span> <span class='ocrx_word' id='word_1_126' title='bbox 773 2446 922 2535; x_wconf 84' lang='lat' dir='ltr'>gramine</span> <span class='ocrx_word' id='word_1_127' title='bbox 942 2449 1033 2535; x_wconf 91' lang='lat' dir='ltr'>molli</span> <span class='ocrx_word' id='word_1_128' title='bbox 1067 2459 1069 2464; x_wconf 75' lang='grc'>’</span> <span class='ocrx_word' id='word_1_129' title='bbox 1151 2447 1158 2461; x_wconf 77' lang='grc'>’“</span> <span class='ocrx_word' id='word_1_130' title='bbox 1186 2453 1189 2458; x_wconf 79' lang='grc'><em>“</em></span> 
     </span>
     <span class='ocr_line' id='line_1_23' title="bbox 238 2534 1068 2623; baseline 0 -18"><span class='ocrx_word' id='word_1_131' title='bbox 238 2560 284 2606; x_wconf 89' lang='lat' dir='ltr'>ter</span> <span class='ocrx_word' id='word_1_132' title='bbox 303 2555 394 2622; x_wconf 76' lang='lat' dir='ltr'>aquae</span> <span class='ocrx_word' id='word_1_133' title='bbox 413 2537 525 2607; x_wconf 89' lang='lat' dir='ltr'>rivum</span> <span class='ocrx_word' id='word_1_134' title='bbox 534 2587 545 2623; x_wconf 88' lang='lat'><em>‚</em></span> <span class='ocrx_word' id='word_1_135' title='bbox 573 2534 635 2606; x_wconf 92' lang='lat' dir='ltr'>sub</span> <span class='ocrx_word' id='word_1_136' title='bbox 654 2536 754 2607; x_wconf 89' lang='lat' dir='ltr'>ramis</span> <span class='ocrx_word' id='word_1_137' title='bbox 777 2535 904 2607; x_wconf 85' lang='lat' dir='ltr'>arboris</span> <span class='ocrx_word' id='word_1_138' title='bbox 923 2538 1008 2621; x_wconf 84' lang='lat' dir='ltr'>altar,</span> <span class='ocrx_word' id='word_1_139' title='bbox 1062 2543 1068 2553; x_wconf 74' lang='lat'><em>&#39;</em></span> 
     </span>
     <span class='ocr_line' id='line_1_24' title="bbox 251 2622 1053 2713; baseline 0.001 -19"><span class='ocrx_word' id='word_1_140' title='bbox 251 2628 378 2712; x_wconf 84' lang='lat' dir='ltr'>magnis</span> <span class='ocrx_word' id='word_1_141' title='bbox 399 2626 518 2711; x_wconf 86' lang='lat' dir='ltr'>opibus</span> <span class='ocrx_word' id='word_1_142' title='bbox 543 2625 683 2712; x_wconf 75' lang='lat' dir='ltr'>jucunde</span> <span class='ocrx_word' id='word_1_143' title='bbox 709 2647 845 2713; x_wconf 88' lang='lat' dir='ltr'>corpora</span> <span class='ocrx_word' id='word_1_144' title='bbox 866 2622 1053 2698; x_wconf 88' lang='lat' dir='ltr'>habebant:</span> 
     </span>
     <span class='ocr_line' id='line_1_25' title="bbox 238 2713 943 2803; baseline 0.003 -19"><span class='ocrx_word' id='word_1_145' title='bbox 238 2716 328 2784; x_wconf 78' lang='lat' dir='ltr'>ertim</span> <span class='ocrx_word' id='word_1_146' title='bbox 347 2739 422 2784; x_wconf 87' lang='lat' dir='ltr'>eum</span> <span class='ocrx_word' id='word_1_147' title='bbox 446 2713 616 2803; x_wconf 83' lang='lat' dir='ltr'>tempestas</span> <span class='ocrx_word' id='word_1_148' title='bbox 637 2714 785 2800; x_wconf 86' lang='lat' dir='ltr'>ridebat,</span> <span class='ocrx_word' id='word_1_149' title='bbox 813 2717 943 2786; x_wconf 80' lang='lat' dir='ltr'>&amp;arani</span> 
     </span>
    </p>
   </div>
   <div class='ocr_carea' id='block_1_3' title="bbox 238 2803 1284 3003">
    <p class='ocr_par' dir='ltr' id='par_1_14' title="bbox 238 2803 1284 3004">
     <span class='ocr_line' id='line_1_26' title="bbox 238 2803 1283 2906; baseline 0.004 -31"><span class='ocrx_word' id='word_1_150' title='bbox 238 2828 314 2893; x_wconf 90' lang='lat' dir='ltr'>pora</span> <span class='ocrx_word' id='word_1_151' title='bbox 330 2804 511 2894; x_wconf 82' lang='lat' dir='ltr'>pingebant</span> <span class='ocrx_word' id='word_1_152' title='bbox 533 2803 727 2875; x_wconf 78' lang='lat' dir='ltr'>viridanteit</span> <span class='ocrx_word' id='word_1_153' title='bbox 746 2803 884 2878; x_wconf 81' lang='lat' dir='ltr'>dotibus</span> <span class='ocrx_word' id='word_1_154' title='bbox 904 2804 1053 2906; x_wconf 68' lang='lat' dir='ltr'>herbae,</span> <span class='ocrx_word' id='word_1_155' title='bbox 1196 2823 1283 2899; x_wconf 74' lang='lat'>1395</span> 
     </span>
     <span class='ocr_line' id='line_1_27' title="bbox 834 2921 1284 3003; baseline 0 -11"><span class='ocrx_word' id='word_1_156' title='bbox 798 2973 837 2992; x_wconf 89' lang='grc'>.-</span> <span class='ocrx_word' id='word_1_157' title='bbox 1051 2996 1054 3000; x_wconf 12' lang='grc' dir='ltr'><strong>Α</strong></span> <span class='ocrx_word' id='word_1_158' title='bbox 1088 2943 1090 2948; x_wconf 93' lang='grc'><strong><em>·</em></strong></span> <span class='ocrx_word' id='word_1_159' title='bbox 1122 2985 1125 2992; x_wconf 83' lang='grc'><strong>,</strong></span> <span class='ocrx_word' id='word_1_160' title='bbox 1148 2961 1151 2971; x_wconf 43' lang='grc' dir='ltr'><em>ν</em></span> <span class='ocrx_word' id='word_1_161' title='bbox 1172 2921 1284 3003; x_wconf 69' lang='grc' dir='ltr'>-,Τυηι</span> 
     </span>
    </p>
   </div>
   <div class='ocr_carea' id='block_1_4' title="bbox 238 3198 1317 4167">
    <p class='ocr_par' dir='ltr' id='par_1_15' title="bbox 238 3198 1284 3339">
     <span class='ocr_line' id='line_1_28' title="bbox 238 3198 1284 3273; baseline 0.003 -16"><span class='ocrx_word' id='word_1_162' title='bbox 238 3214 261 3264; x_wconf 73' lang='grc' dir='ltr'>Β,</span> <span class='ocrx_word' id='word_1_163' title='bbox 280 3200 575 3273; x_wconf 61' lang='lat' dir='ltr'>attaminandum.)</span> <span class='ocrx_word' id='word_1_164' title='bbox 593 3201 631 3259; x_wconf 87' lang='lat' dir='ltr'>Ut</span> <span class='ocrx_word' id='word_1_165' title='bbox 644 3203 699 3258; x_wconf 81' lang='lat' dir='ltr'>aliae</span> <span class='ocrx_word' id='word_1_166' title='bbox 735 3202 786 3258; x_wconf 80' lang='lat' dir='ltr'>Sed</span> <span class='ocrx_word' id='word_1_167' title='bbox 805 3217 873 3256; x_wconf 76' lang='lat' dir='ltr'>notra</span> <span class='ocrx_word' id='word_1_168' title='bbox 889 3198 1124 3273; x_wconf 77' lang='lat' dir='ltr'>semper‘plaeent,</span> <span class='ocrx_word' id='word_1_169' title='bbox 1145 3204 1284 3272; x_wconf 78' lang='lat' dir='ltr'>&amp;pristina</span> 
     </span>
     <span class='ocr_line' id='line_1_29' title="bbox 238 3270 986 3339; baseline -0.003 -14"><span class='ocrx_word' id='word_1_170' title='bbox 238 3312 243 3336; x_wconf 89' lang='lat'>,</span> <span class='ocrx_word' id='word_1_171' title='bbox 266 3271 386 3337; x_wconf 79' lang='lat' dir='ltr'>{lectiam</span> <span class='ocrx_word' id='word_1_172' title='bbox 409 3270 509 3325; x_wconf 87' lang='lat' dir='ltr'>Mnlica</span> <span class='ocrx_word' id='word_1_173' title='bbox 527 3271 611 3339; x_wconf 76' lang='lat' dir='ltr'>primo</span> <span class='ocrx_word' id='word_1_174' title='bbox 628 3275 699 3325; x_wconf 82' lang='lat' dir='ltr'>rudis</span> <span class='ocrx_word' id='word_1_175' title='bbox 734 3272 887 3325; x_wconf 75' lang='lat' dir='ltr'>fastidiatur.</span> <span class='ocrx_word' id='word_1_176' title='bbox 907 3287 932 3325; x_wconf 91' lang='lat' dir='ltr'>v.</span> <span class='ocrx_word' id='word_1_177' title='bbox 944 3286 986 3335; x_wconf 89' lang='lat'>44.</span> 
     </span>
    </p>

    <p class='ocr_par' dir='ltr' id='par_1_16' title="bbox 238 3338 1317 4167">
     <span class='ocr_line' id='line_1_30' title="bbox 238 3338 1317 3411; baseline -0.006 -15"><span class='ocrx_word' id='word_1_178' title='bbox 238 3343 300 3397; x_wconf 79' lang='lat' dir='ltr'>ulta.</span> <span class='ocrx_word' id='word_1_179' title='bbox 337 3339 455 3395; x_wconf 76' lang='lat' dir='ltr'>Primum</span> <span class='ocrx_word' id='word_1_180' title='bbox 474 3342 544 3395; x_wconf 86' lang='lat' dir='ltr'>enim</span> <span class='ocrx_word' id='word_1_181' title='bbox 564 3341 699 3394; x_wconf 83' lang='lat' dir='ltr'>inAvium</span> <span class='ocrx_word' id='word_1_182' title='bbox 770 3353 850 3406; x_wconf 71' lang='lat'>1379.-</span> <span class='ocrx_word' id='word_1_183' title='bbox 869 3341 957 3394; x_wconf 80' lang='lat' dir='ltr'>Laevia</span> <span class='ocrx_word' id='word_1_184' title='bbox 974 3338 1284 3410; x_wconf 54' lang='lat' dir='ltr'>tamaiumllllamrqnocl</span> <span class='ocrx_word' id='word_1_185' title='bbox 1314 3405 1317 3411; x_wconf 26' lang='lat'>¹</span> 
     </span>
     <span class='ocr_line' id='line_1_31' title="bbox 238 3404 1279 3479; baseline 0 -15"><span class='ocrx_word' id='word_1_186' title='bbox 238 3414 294 3465; x_wconf 88' lang='lat' dir='ltr'>lone</span> <span class='ocrx_word' id='word_1_187' title='bbox 320 3410 451 3463; x_wconf 77' lang='lat' dir='ltr'>constitit:</span> <span class='ocrx_word' id='word_1_188' title='bbox 488 3409 552 3463; x_wconf 84' lang='lat' dir='ltr'>lmle</span> <span class='ocrx_word' id='word_1_189' title='bbox 575 3407 673 3466; x_wconf 85' lang='lat' dir='ltr'>Fistula</span> <span class='ocrx_word' id='word_1_190' title='bbox 686 3405 705 3464; x_wconf 78' lang='grc' dir='ltr'>ὲ,</span> <span class='ocrx_word' id='word_1_191' title='bbox 735 3404 979 3479; x_wconf 75' lang='lat' dir='ltr'>gratamsensrbus,</span> <span class='ocrx_word' id='word_1_192' title='bbox 1000 3404 1279 3478; x_wconf 29' lang='lat' dir='ltr'>nludlaterttpieoeo.</span> 
     </span>
     <span class='ocr_line' id='line_1_32' title="bbox 240 3472 1281 3546; baseline 0.002 -14"><span class='ocrx_word' id='word_1_193' title='bbox 240 3480 262 3532; x_wconf 87' lang='lat' dir='ltr'>is</span> <span class='ocrx_word' id='word_1_194' title='bbox 283 3478 364 3546; x_wconf 89' lang='lat' dir='ltr'>(nam</span> <span class='ocrx_word' id='word_1_195' title='bbox 376 3478 467 3543; x_wconf 74' lang='lat' dir='ltr'>calami</span> <span class='ocrx_word' id='word_1_196' title='bbox 486 3477 540 3533; x_wconf 81' lang='lat' dir='ltr'>levi</span> <span class='ocrx_word' id='word_1_197' title='bbox 569 3485 629 3531; x_wconf 86' lang='lat' dir='ltr'>ento</span> <span class='ocrx_word' id='word_1_198' title='bbox 648 3478 702 3545; x_wconf 83' lang='lat' dir='ltr'>agi·</span> <span class='ocrx_word' id='word_1_199' title='bbox 771 3487 847 3544; x_wconf 73' lang='lat'>1381.</span> <span class='ocrx_word' id='word_1_200' title='bbox 868 3478 902 3531; x_wconf 81' lang='lat' dir='ltr'>Et</span> <span class='ocrx_word' id='word_1_201' title='bbox 912 3477 1026 3545; x_wconf 78' lang='lat' dir='ltr'>Zephyri.</span> <span class='ocrx_word' id='word_1_202' title='bbox 1038 3472 1113 3543; x_wconf 72' lang='lat' dir='ltr'>ae.)</span> <span class='ocrx_word' id='word_1_203' title='bbox 1134 3476 1281 3537; x_wconf 71' lang='lat' dir='ltr'>Viti-Ouid.</span> 
     </span>
     <span class='ocr_line' id='line_1_33' title="bbox 238 3494 1136 3617; baseline -0.006 -15"><span class='ocrx_word' id='word_1_204' title='bbox 238 3546 288 3602; x_wconf 81' lang='lat' dir='ltr'>bila</span> <span class='ocrx_word' id='word_1_205' title='bbox 303 3549 416 3617; x_wconf 78' lang='lat' dir='ltr'>qttaedam</span> <span class='ocrx_word' id='word_1_206' title='bbox 434 3549 460 3603; x_wconf 71' lang='grc' dir='ltr'>δι</span> <span class='ocrx_word' id='word_1_207' title='bbox 477 3494 611 3600; x_wconf 75' lang='lat' dir='ltr'>murniura</span> <span class='ocrx_word' id='word_1_208' title='bbox 626 3548 700 3600; x_wconf 89' lang='lat' dir='ltr'>emit·</span> <span class='ocrx_word' id='word_1_209' title='bbox 735 3545 845 3601; x_wconf 83' lang='lat' dir='ltr'>Metam.</span> <span class='ocrx_word' id='word_1_210' title='bbox 858 3546 904 3599; x_wconf 91' lang='lat' dir='ltr'>lib.</span> <span class='ocrx_word' id='word_1_211' title='bbox 915 3546 935 3599; x_wconf 92' lang='lat'>1.</span> <span class='ocrx_word' id='word_1_212' title='bbox 954 3561 981 3598; x_wconf 86' lang='lat' dir='ltr'>v.</span> <span class='ocrx_word' id='word_1_213' title='bbox 994 3556 1053 3609; x_wconf 86' lang='lat'>705.</span> <span class='ocrx_word' id='word_1_214' title='bbox 1133 3586 1136 3590; x_wconf 27' lang='lat'><em>⁷</em></span> 
     </span>
     <span class='ocr_line' id='line_1_34' title="bbox 254 3613 1284 3684; baseline -0.004 -14"><span class='ocrx_word' id='word_1_215' title='bbox 254 3617 399 3683; x_wconf 73' lang='lat' dir='ltr'>compasta:</span> <span class='ocrx_word' id='word_1_216' title='bbox 427 3614 485 3680; x_wconf 85' lang='lat' dir='ltr'>Qua</span> <span class='ocrx_word' id='word_1_217' title='bbox 502 3614 616 3670; x_wconf 82' lang='lat' dir='ltr'>Pastores</span> <span class='ocrx_word' id='word_1_218' title='bbox 634 3614 702 3668; x_wconf 90' lang='lat' dir='ltr'>mul·</span> <span class='ocrx_word' id='word_1_219' title='bbox 771 3626 847 3681; x_wconf 80' lang='lat'>1390.</span> <span class='ocrx_word' id='word_1_220' title='bbox 866 3616 937 3669; x_wconf 84' lang='lat' dir='ltr'>Nam</span> <span class='ocrx_word' id='word_1_221' title='bbox 955 3626 1006 3666; x_wconf 81' lang='lat' dir='ltr'>tum</span> <span class='ocrx_word' id='word_1_222' title='bbox 1014 3614 1164 3676; x_wconf 66' lang='lat' dir='ltr'>funtanense</span> <span class='ocrx_word' id='word_1_223' title='bbox 1185 3613 1284 3684; x_wconf 75' lang='lat' dir='ltr'>cordi.)</span> 
     </span>
     <span class='ocr_line' id='line_1_35' title="bbox 238 3678 1285 3749; baseline 0 -10"><span class='ocrx_word' id='word_1_224' title='bbox 238 3700 354 3749; x_wconf 79' lang='lat' dir='ltr'>zoarae,</span> <span class='ocrx_word' id='word_1_225' title='bbox 386 3694 431 3739; x_wconf 87' lang='lat' dir='ltr'>aut</span> <span class='ocrx_word' id='word_1_226' title='bbox 455 3684 484 3737; x_wconf 89' lang='lat' dir='ltr'>in</span> <span class='ocrx_word' id='word_1_227' title='bbox 497 3682 614 3738; x_wconf 75' lang='lat' dir='ltr'>laetitiam</span> <span class='ocrx_word' id='word_1_228' title='bbox 629 3680 703 3740; x_wconf 73' lang='lat' dir='ltr'>effusi</span> <span class='ocrx_word' id='word_1_229' title='bbox 736 3681 836 3748; x_wconf 82' lang='lat' dir='ltr'>Faber,</span> <span class='ocrx_word' id='word_1_230' title='bbox 862 3684 1011 3738; x_wconf 78' lang='lat' dir='ltr'>Oriaeoedr&#39;:</span> <span class='ocrx_word' id='word_1_231' title='bbox 1030 3678 1155 3744; x_wconf 72' lang='lat' dir='ltr'>venusii:</span> <span class='ocrx_word' id='word_1_232' title='bbox 1183 3680 1285 3739; x_wconf 67' lang='lat' dir='ltr'>vontus</span> 
     </span>
     <span class='ocr_line' id='line_1_36' title="bbox 238 3749 1290 3822; baseline -0.004 -14"><span class='ocrx_word' id='word_1_233' title='bbox 238 3770 306 3822; x_wconf 78' lang='lat' dir='ltr'>oque</span> <span class='ocrx_word' id='word_1_234' title='bbox 319 3749 430 3807; x_wconf 70' lang='lat' dir='ltr'>maximi</span> <span class='ocrx_word' id='word_1_235' title='bbox 446 3751 617 3812; x_wconf 63' lang='lat' dir='ltr'>oblectabant.</span> <span class='ocrx_word' id='word_1_236' title='bbox 675 3771 704 3807; x_wconf 92' lang='lat' dir='ltr'>o·</span> <span class='ocrx_word' id='word_1_237' title='bbox 736 3754 768 3807; x_wconf 78' lang='lat' dir='ltr'>ad</span> <span class='ocrx_word' id='word_1_238' title='bbox 783 3750 936 3817; x_wconf 82' lang='lat' dir='ltr'>Catullum,</span> <span class='ocrx_word' id='word_1_239' title='bbox 956 3767 981 3818; x_wconf 78' lang='lat' dir='ltr'>p</span> <span class='ocrx_word' id='word_1_240' title='bbox 996 3758 1054 3815; x_wconf 80' lang='lat'>167.</span> <span class='ocrx_word' id='word_1_241' title='bbox 1076 3751 1162 3808; x_wconf 67' lang='lat' dir='ltr'>uem</span> <span class='ocrx_word' id='word_1_242' title='bbox 1179 3753 1290 3817; x_wconf 64' lang='lat' dir='ltr'>ctare,-</span> 
     </span>
     <span class='ocr_line' id='line_1_37' title="bbox 238 3819 1283 3888; baseline -0.002 -12"><span class='ocrx_word' id='word_1_243' title='bbox 238 3820 596 3887; x_wconf 52' lang='lat' dir='ltr'>martinummontem,</span> <span class='ocrx_word' id='word_1_244' title='bbox 617 3824 643 3876; x_wconf 79' lang='lat' dir='ltr'>dt</span> <span class='ocrx_word' id='word_1_245' title='bbox 691 3852 703 3866; x_wconf 92' lang='lat'><strong>·</strong></span> <span class='ocrx_word' id='word_1_246' title='bbox 737 3820 797 3876; x_wconf 87' lang='lat' dir='ltr'>Post</span> <span class='ocrx_word' id='word_1_247' title='bbox 806 3819 947 3875; x_wconf 85' lang='lat' dir='ltr'>satietatem</span> <span class='ocrx_word' id='word_1_248' title='bbox 957 3819 1099 3883; x_wconf 70' lang='lat' dir='ltr'>eitiunt,</span> <span class='ocrx_word' id='word_1_249' title='bbox 1113 3821 1218 3888; x_wconf 69' lang='lat' dir='ltr'>inanit,</span> <span class='ocrx_word' id='word_1_250' title='bbox 1239 3821 1283 3874; x_wconf 85' lang='lat' dir='ltr'>ho·</span> 
     </span>
     <span class='ocr_line' id='line_1_38' title="bbox 238 3886 1286 4029; baseline -0.004 -15"><span class='ocrx_word' id='word_1_251' title='bbox 238 3890 601 4029; x_wconf 62' lang='lat' dir='ltr'>trinitatatem</span> <span class='ocrx_word' id='word_1_252' title='bbox 614 3887 704 4013; x_wconf 72' lang='lat' dir='ltr'>alte·</span> <span class='ocrx_word' id='word_1_253' title='bbox 736 3887 1042 4028; x_wconf 62' lang='lat' dir='ltr'>attererent}</span> <span class='ocrx_word' id='word_1_254' title='bbox 1057 3886 1286 4019; x_wconf 54' lang='lat' dir='ltr'>allana</span> 
     </span>
     <span class='ocr_line' id='line_1_39' title="bbox 238 4019 1294 4097; baseline -0.003 -14"><span class='ocrx_word' id='word_1_255' title='bbox 238 4029 296 4090; x_wconf 84' lang='lat' dir='ltr'>aui,</span> <span class='ocrx_word' id='word_1_256' title='bbox 315 4032 341 4085; x_wconf 80' lang='lat' dir='ltr'>dr</span> <span class='ocrx_word' id='word_1_257' title='bbox 359 4030 408 4083; x_wconf 86' lang='lat' dir='ltr'>alia</span> <span class='ocrx_word' id='word_1_258' title='bbox 429 4028 514 4085; x_wconf 79' lang='lat' dir='ltr'>felicit</span> <span class='ocrx_word' id='word_1_259' title='bbox 530 4029 578 4083; x_wconf 86' lang='lat' dir='ltr'>otii</span> <span class='ocrx_word' id='word_1_260' title='bbox 594 4027 703 4083; x_wconf 71' lang='lat' dir='ltr'>delceta-</span> <span class='ocrx_word' id='word_1_261' title='bbox 736 4037 767 4083; x_wconf 87' lang='lat' dir='ltr'>ut</span> <span class='ocrx_word' id='word_1_262' title='bbox 784 4025 843 4097; x_wconf 82' lang='lat' dir='ltr'>quis</span> <span class='ocrx_word' id='word_1_263' title='bbox 857 4044 915 4081; x_wconf 83' lang='lat' dir='ltr'>naut</span> <span class='ocrx_word' id='word_1_264' title='bbox 930 4029 1041 4081; x_wconf 82' lang='lat' dir='ltr'>miretur</span> <span class='ocrx_word' id='word_1_265' title='bbox 1051 4019 1164 4086; x_wconf 64' lang='lat' dir='ltr'>Chordis</span> <span class='ocrx_word' id='word_1_266' title='bbox 1173 4027 1224 4080; x_wconf 87' lang='lat' dir='ltr'>dici</span> <span class='ocrx_word' id='word_1_267' title='bbox 1236 4026 1294 4090; x_wconf 55' lang='lat' dir='ltr'>Ti,</span> 
     </span>
     <span class='ocr_line' id='line_1_40' title="bbox 239 4045 1286 4167; baseline -0.001 -17"><span class='ocrx_word' id='word_1_268' title='bbox 239 4138 246 4150; x_wconf 85' lang='grc'><strong><em>,</em></strong></span> <span class='ocrx_word' id='word_1_269' title='bbox 284 4098 324 4153; x_wconf 83' lang='lat' dir='ltr'>Ne</span> <span class='ocrx_word' id='word_1_270' title='bbox 342 4117 375 4154; x_wconf 89' lang='lat' dir='ltr'>ue</span> <span class='ocrx_word' id='word_1_271' title='bbox 390 4097 436 4154; x_wconf 80' lang='lat' dir='ltr'>ista</span> <span class='ocrx_word' id='word_1_272' title='bbox 452 4094 580 4167; x_wconf 79' lang='lat' dir='ltr'>operosior</span> <span class='ocrx_word' id='word_1_273' title='bbox 597 4113 701 4167; x_wconf 83' lang='lat' dir='ltr'>qnanos</span> <span class='ocrx_word' id='word_1_274' title='bbox 735 4097 809 4159; x_wconf 81' lang='lat' dir='ltr'>bias,</span> <span class='ocrx_word' id='word_1_275' title='bbox 831 4045 889 4149; x_wconf 63' lang='lat' dir='ltr'>eim</span> <span class='ocrx_word' id='word_1_276' title='bbox 905 4096 962 4150; x_wconf 80' lang='lat' dir='ltr'>vice</span> <span class='ocrx_word' id='word_1_277' title='bbox 987 4092 1059 4152; x_wconf 77' lang='lat' dir='ltr'>versa</span> <span class='ocrx_word' id='word_1_278' title='bbox 1085 4092 1195 4154; x_wconf 62' lang='lat' dir='ltr'>Cithara</span> <span class='ocrx_word' id='word_1_279' title='bbox 1217 4098 1286 4151; x_wconf 76' lang='lat' dir='ltr'>teti·</span> 
     </span>
    </p>
   </div>
   <div class='ocr_carea' id='block_1_5' title="bbox 239 4116 1203 4306">
    <p class='ocr_par' dir='ltr' id='par_1_17' title="bbox 239 4116 1203 4306">
     <span class='ocr_line' id='line_1_41' title="bbox 239 4116 1203 4239; baseline -0.002 -18"><span class='ocrx_word' id='word_1_280' title='bbox 239 4181 252 4221; x_wconf 91' lang='lat' dir='ltr'>r</span> <span class='ocrx_word' id='word_1_281' title='bbox 268 4116 368 4222; x_wconf 76' lang='lat' dir='ltr'>nesea</span> <span class='ocrx_word' id='word_1_282' title='bbox 382 4185 428 4223; x_wconf 81' lang='lat' dir='ltr'>aot</span> <span class='ocrx_word' id='word_1_283' title='bbox 447 4169 539 4239; x_wconf 80' lang='lat' dir='ltr'>majori</span> <span class='ocrx_word' id='word_1_284' title='bbox 554 4166 618 4233; x_wconf 86' lang='lat' dir='ltr'>volu</span> <span class='ocrx_word' id='word_1_285' title='bbox 636 4175 699 4236; x_wconf 83' lang='lat' dir='ltr'>tate,</span> <span class='ocrx_word' id='word_1_286' title='bbox 732 4166 840 4234; x_wconf 80' lang='lat' dir='ltr'>piantut</span> <span class='ocrx_word' id='word_1_287' title='bbox 855 4180 957 4234; x_wconf 75' lang='lat' dir='ltr'>quoque</span> <span class='ocrx_word' id='word_1_288' title='bbox 972 4179 1020 4233; x_wconf 79' lang='lat' dir='ltr'>pre</span> <span class='ocrx_word' id='word_1_289' title='bbox 1037 4160 1149 4238; x_wconf 60' lang='lat' dir='ltr'>‘silesia¹</span> <span class='ocrx_word' id='word_1_290' title='bbox 1191 4212 1203 4219; x_wconf 88' lang='lat'>..</span> 
     </span>
     <span class='ocr_line' id='line_1_42' title="bbox 249 4235 1048 4306; baseline -0.003 -17"><span class='ocrx_word' id='word_1_291' title='bbox 249 4236 320 4290; x_wconf 85' lang='lat' dir='ltr'>rudit</span> <span class='ocrx_word' id='word_1_292' title='bbox 338 4236 383 4291; x_wconf 80' lang='lat' dir='ltr'>ista</span> <span class='ocrx_word' id='word_1_293' title='bbox 404 4235 463 4290; x_wconf 84' lang='lat' dir='ltr'>illoe</span> <span class='ocrx_word' id='word_1_294' title='bbox 484 4235 548 4291; x_wconf 88' lang='lat' dir='ltr'>olim</span> <span class='ocrx_word' id='word_1_295' title='bbox 568 4252 614 4306; x_wconf 76' lang='lat' dir='ltr'>pet</span> <span class='ocrx_word' id='word_1_296' title='bbox 646 4236 700 4295; x_wconf 66' lang='lat' dir='ltr'>titt</span> <span class='ocrx_word' id='word_1_297' title='bbox 1044 4286 1048 4296; x_wconf 79' lang='grc'><em>,</em></span> 
     </span>
    </p>
   </div>
   <div class='ocr_carea' id='block_1_6' title="bbox 0 0 1581 4967">
    <p class='ocr_par' dir='ltr' id='par_1_18' title="bbox 0 0 1581 4967">
     <span class='ocr_line' id='line_1_43' title="bbox 0 0 1581 4967; baseline 0 0"><span class='ocrx_word' id='word_1_298' title='bbox 0 0 1581 4967; x_wconf 95' lang='lat' dir='ltr'> </span> 
     </span>
    </p>
   </div>
  </div>
 </body>
</html>
