3150 4967
268 450 340 524 330
622 426 668 507 T.
705 425 1007 510 LUCRETII

265 595 395 668 Verium
413 593 603 682 ubicunque
620 595 725 683 magis
745 592 845 666 denso
866 590 944 666 sunt
963 593 1096 682 agmine
1112 589 1261 680 Nubes,

266 689 355 761 Tam
379 685 482 774 magis
506 683 585 755 hinc
605 709 726 774 magno
743 684 895 757 l'remitus
921 681 962 755 fit
981 706 1152 754 murmure
1173 679 1269 770 saepe.
1331 701 1373 754 too
1393 676 1417 802 ξς

1396 827 1417 922 ι

311 777 489 858 Fremitu,
514 798 621 862 neque
643 791 713 846 tam
731 771 895 846 condenso
912 795 1050 861 corpore
1068 771 1191 846 Nubes

265 863 335 939 Effe
356 882 506 952 queunt,
532 865 634 950 qu'am
654 860 730 936 sunt
750 864 909 951 Lapides,
935 886 973 934 ac
992 863 1257 960 Tignaeneque
1272 878 1364 934 autem

265 959 353 1028 Tam
373 972 510 1039 renuet,
535 955 637 1041 quaint
656 951 734 1028 sunt
754 954 919 1038 Nebulae,
944 953 1107 1038 Furnique
1126 952 1291 1024 volantes.

264 1045 357 1118 Nam
381 1062 439 1115 aut
463 1044 576 1115 cadere
595 1043 736 1131 abrupto
763 1044 922 1115 deberent
938 1041 1082 1130 pondere
1100 1038 1238 1130 prell'ae,
1306 1049 1311 1058 '

265 1136 316 1207 Ut
335 1134 490 1220 Lapides:
516 1155 594 1218 aut,
619 1151 658 1205 ut
676 1135 827 1220 Fumus,
853 1132 999 1204 constare
1019 1133 1223 1219 nequirent,
1333 1145 1381 1218 105

265 1225 340 1296 Nec
359 1221 511 1294 cohibere
529 1222 635 1294 niveis
657 1224 800 1311 gelidas,
832 1225 865 1296 u
885 1221 1052 1312 grandinis
1072 1219 1220 1292 imbreis.

310 1314 403 1384 Dant
428 1314 527 1382 etiam
549 1308 696 1383 sonitum
716 1313 820 1401 patuli
841 1309 936 1400 super
952 1333 1085 1397 aequora
1102 1309 1247 1397 mundi,

267 1399 430 1475 Cerbalus
450 1419 488 1471 ut
506 1403 676 1488 quondam
690 1403 817 1492 magnis
838 1403 964 1473 intenta
982 1398 1118 1471 theatris

264 1493 334 1564 Dat
353 1492 512 1579 crepitum
531 1491 635 1591 malos
653 1494 739 1563 inter
758 1495 897 1584 jactata,
924 1486 1126 1578 trabeisque:

267 1582 440 1654 Interdum
462 1578 605 1668 perlcillit
623 1579 705 1653 furit
723 1581 946 1669 petulantibus
962 1579 1059 1652 Euris
1069 1630 1082 1666 ,
1335 1597 1379 1652 ,ιιο

265 1671 310 1744 Et
330 1669 470 1757 l'ragileis
489 1667 615 1741 sonitus
635 1670 822 1744 chartarum
842 1670 1116 1755 commoditatut,

263 1761 304 1834 Id
324 1784 456 1849 quoque
475 1763 565 1831 enim
583 1785 687 1849 genus
707 1764 744 1833 in
763 1763 913 1836 Tonittu
933 1756 1127 1849 cognoscere
1143 1753 1246 1846 pollis
1253 1777 1287 1846 ,·
1328 1819 1332 1828 .

264 1853 332 1924 llut
352 1850 411 1923 ubi
431 1847 612 1939 suspensam
635 1850 784 1938 vestem,
811 1847 978 1923 charmsve
1000 1849 1162 1921 volenteis

219 1970 227 1976 ··
263 1940 470 2016 Verberibus
486 1942 578 2012 venti
597 1938 748 2027 versant,
774 1942 999 2032 planguntque
1019 1963 1078 2028 pet
1095 1961 1205 2011 auras.

309 2032 362 2102 Fit
382 2055 514 2188 qutssque
536 2031 626 2102 enim
648 2032 839 2119 interdum,
875 2049 1004 2104 utnon
1021 2047 1091 2102 tam
1112 2047 1312 2103 cottcurrere
1326 2021 1381 2100 Nu·

719 2179 721 2184 .
1335 2137 1364 2188 ιι

264 2206 445 2281 Frontibus
461 2144 608 2280 {liversis
629 2207 771 2297 pollint,
796 2210 895 2296 quim
914 2207 955 2280 de
976 2209 1075 2281 latere
1094 2206 1143 2281 ire
1367 2127 1380 2196 t

264 2293 407 2370 Diverso
429 2320 525 2371 motu
544 2299 695 2378 radentes
715 2324 754 2371 co
816 2301 854 2369 ri’
872 2302 1032 2370 troilum:

263 2390 384 2462 Aridus
408 2390 495 2461 unde
513 2390 620 2462 aureis
642 2407 748 2479 terget
756 2324 865 2462 rlbiius
883 2389 937 2460 ille
962 2388 1086 2477 diuque

262 2480 432 2565 Ducitur,
460 2482 575 2553 exierit
597 2481 703 2553 donec
722 2478 914 2570 regionibus
936 2480 1045 2578 aretis.

1326 2559 1417 2641 litt⁴

313 2759 429 2824 Namque
437 2758 562 2826 Dispiter.
889 2772 946 2822 109.
965 2753 1159 2824 Molorinter.)
1175 2751 1248 2810 Nam
1261 2755 1294 2810 ob
1304 2751 1384 2809 lucini·

314 2826 375 2888 Igni
394 2826 487 2886 corusco
502 2826 704 2884 nubilodivitleut
852 2828 930 2879 miam
941 2824 1139 2894 amplitudinem
1148 2825 1266 2890 trajeetis
1276 2824 1347 2878 malit
1355 2837 1385 2876 te·

313 2895 478 2962 Plerumque,
498 2910 648 2962 perpurum
658 2903 763 2948 maerore
852 2895 878 2948 la
891 2894 1101 2956 intendebantur.
1139 2894 1385 2961 Caebofinooutemu·

315 2963 377 3030 Egit
388 2963 487 3031 Equos,
509 2967 675 3034 volucremque
694 2980 811 3029 mum,
851 2966 876 3016 la
884 2966 977 3031 primus
997 2966 1024 3016 in
1043 2963 1176 3017 theatrum
1193 2960 1287 3034 duxrffi
1303 2962 1386 3016 nediu

393 3048 414 3084 c.
852 3032 967 3086 Lentulus
993 3033 1090 3099 Spinter
1119 3031 1303 3096 Apoffinorilrus
1325 3029 1384 3084 ulti:

297 3112 356 3151 101.
380 3101 442 3153 Tum
463 3098 584 3169 Tenues.)
619 3101 681 3169 Leg.
706 3102 814 3155 Tamet-
851 3100 965 3165 Plinius,
975 3100 1022 3155 lib.
1034 3099 1110 3154 XIX.
1124 3097 1187 3166 Gap.
1201 3115 1226 3154 1.
1236 3094 1384 3155 viuliull.

260 3171 485 3224 nui:utv.101.
513 3171 703 3226 Tuntcomlenlo.
851 3186 878 3222 v.
897 3182 939 3235 73.

299 3251 356 3301 104.
378 3242 448 3292 Nom
458 3249 500 3291 aut
517 3240 598 3292 collem
608 3233 742 3307 obrupto.)
761 3235 814 3291 Re·
888 3253 935 3304 115
964 3238 1010 3292 Fit
1026 3238 1189 3304 quoqueem'm
1205 3235 1350 3303 intertium.)
1362 3232 1386 3287 b·

259 3308 375 3361 vocandi
392 3308 428 3362 cst
444 3308 551 3378 vulgata
572 3307 665 3370 lestio,
687 3308 758 3359 Nom
773 3323 814 3358 cu·
852 3307 975 3375 liquando
997 3305 1127 3360 Torritrus
1145 3305 1276 3361 Murmur
1292 3306 1327 3362 est
1338 3303 1386 3358 sm

259 3378 313 3429 llere
330 3387 373 3429 aut
395 3379 479 3431 Bruto.
517 3378 600 3432 Bruto
614 3377 640 3429 id
662 3374 698 3429 cst
718 3378 811 3443 gravi,
853 3378 909 3429 dori
926 3374 1026 3438 limile,
1055 3375 1082 3427 id
1098 3373 1162 3428 verb
1184 3372 1215 3427 lit
1235 3375 1299 3430 citm
1315 3372 1386 3430 Nuus

260 3442 475 3500 Unde&Homt.
853 3446 937 3499 Nubis
953 3443 1240 3505 alteriuslatusraditt
1260 3441 1388 3499 Indeenlm

312 3513 370 3579 Quo
381 3514 456 3574 bruta
470 3515 539 3569 teum
558 3512 592 3577 δέ
604 3531 671 3580 ongo
678 3513 795 3580 flumine,
853 3515 936 3569 oritur
954 3513 999 3567 ille
1010 3513 1111 3566 Stritlor
1128 3527 1225 3581 quem,
1247 3530 1275 3568 v.
1291 3522 1389 3572 eruto·

261 3579 288 3632 δι
313 3583 381 3646 apud
405 3583 556 3645 Donatum,
591 3584 811 3650 reporborum,
853 3583 1008 3638 catAridum
1018 3583 1124 3645 Senum,
1145 3597 1171 3634 v.
1186 3594 1211 3647 5.
1406 3589 1409 3594 '

261 3649 329 3717 quorl
346 3666 438 3717 magno
453 3652 586 3706 molimine
604 3659 732 3705 movetur.
888 3665 945 3715 117.
969 3653 1074 3718 Corpora
1085 3646 1224 3716 nauum.)
1254 3650 1389 3724 Corporib-

297 3732 355 3782 107.
380 3718 650 3786 Dantetiomsouitrm,
663 3717 729 3787 litt.)
747 3719 809 3779 Ἡ.
852 3721 935 3784 Num,
955 3721 981 3773 id
999 3718 1035 3774 est
1048 3722 1150 3784 Corpus,
1179 3716 1322 3773 Gitanius:
1342 3713 1389 3769 rill-

260 3786 320 3841 Alia
332 3787 460 3840 Tonitrns
480 3790 637 3857 explicatio:
666 3789 724 3844 Una
742 3790 812 3843 enirn
853 3786 920 3843 culi.
944 3791 1146 3856 Corporuautem
1161 3787 1268 3840 trellum
1280 3783 1390 3841 nibiltle·

260 3855 351 3911 Nubes
364 3855 447 3911 Vento
463 3860 577 3926 agitata,
599 3860 633 3911 ali
652 3859 736 3913 uando
749 3874 813 3912 ven·
852 3858 974 3924 gentiust
993 3857 1061 3911 Nam
1072 3856 1154 3909 nubes
1169 3853 1273 3910 diverso
1293 3850 1390 3910 monle

260 3933 288 3980 to
302 3924 418 3994 perstillat
433 3924 604 3987 ionumetlitt
623 3877 679 3981 Nec
695 3924 812 3994 displice·
852 3926 932 3981 latere
960 3933 1068 3988 euntes,
1102 3932 1188 3979 totum
1211 3924 1392 3993 Corporum·

261 3995 300 4049 bit
323 3997 375 4049 hac
392 3995 547 4062 explicatio,
575 3995 592 4048 li
607 3994 718 4050 sonitum
734 4012 811 4064 quem
852 3995 939 4058 uum,
960 3995 993 4049 ab
1008 3990 1182 4061 alteratisque
1198 3994 1392 4054 adulterarum

261 4060 326 4118 Vela
352 4065 412 4117 latis
436 4064 559 4117 Theatris
583 4066 700 4126 intenta,
733 4081 811 4133 quem
854 4065 1030 4124 tremitatem,
1050 4063 1152 4117 radunt.

262 4132 362 4186 Chartae
380 4134 505 4200 diruptae,
532 4140 577 4186 ant
593 4131 714 4199 sulpenlae
727 4133 811 4188 vellet
892 4146 947 4195 119.
969 4132 1094 4199 Eximit.)
1111 4130 1243 4198 Mallem,
1267 4133 1393 4189 Exim:

261 4208 340 4254 vento
349 4203 448 4269 agitatae
457 4203 528 4266 dant,
547 4218 607 4257 cum
615 4201 730 4257 Tooitru
743 4219 824 4256 com·-
852 4201 959 4266 Nubes,
978 4201 1032 4255 viz.

261 4284 342 4339 pates.
