3150 4967
473 404 657 489 LIBER
698 406 991 504 QUINTUS.
1221 433 1291 509 295

242 572 426 662 drupedum
442 574 479 644 in
499 574 682 656 membris,
707 577 739 647 ἃ
760 599 897 663 corpore
915 576 1213 664 pennipotentum:

243 690 324 734 aova
341 683 413 735 tram
430 664 545 735 Tellus
563 662 681 736 herbas
699 665 906 752 virgultaque
919 665 1066 752 primum

242 756 321 824 ulit:
346 754 423 823 inde
441 753 504 823 loci
522 754 678 825 Mortalin
699 752 788 825 saecla
809 754 932 826 creavit

242 869 269 912 :a
288 844 394 913 modis
414 842 527 914 multis
546 844 635 913 varia
656 844 782 913 ratione
807 861 928 915 coorta.
977 867 981 898 ¹
1228 869 1293 937 790

242 959 250 1001 ι
271 956 376 1019 raeque
396 930 437 1001 de
458 932 553 1003 Coelo
572 930 713 1003 cecidille
733 933 897 1004 Animalia
918 929 1072 1022 pellunt,
1096 992 1099 996 .

252 1020 413 1091 terrestria
430 1019 471 1092 de
489 1018 574 1091 fallis
596 1020 689 1091 exilfe
711 1022 846 1093 lacunis.

244 1112 334 1180 uitur
354 1129 393 1181 ut
406 1110 526 1185 m'eritb
544 1130 731 1199 maternum
751 1135 876 1183 nomen
895 1111 1010 1198 adepta

243 1224 262 1269 a
283 1197 343 1285 fit,
369 1199 386 1269 ὲ
408 1217 493 1270 terra
512 1201 670 1285 quoniam
687 1196 763 1270 sunt
784 1204 901 1272 cuncta
920 1219 1035 1272 creata.
1164 1255 1166 1260 ,

242 1313 331 1375 :aque
349 1312 439 1359 nunc
459 1288 558 1358 etiam
580 1287 724 1359 existunt
746 1290 899 1361 animalia
922 1290 1059 1377 Terris,
1114 1340 1120 1351 ·
1225 1309 1292 1383 795

242 1377 346 1462 ibus,
373 1380 404 1448 ἃ
426 1377 530 1447 calido
552 1377 635 1448 Solis
654 1397 802 1449 concreta
820 1403 951 1466 vapore.

259 1467 372 1538 nainias
394 1465 439 1537 est
457 1467 600 1551 mirum,
626 1464 651 1537 fi
671 1486 744 1538 tum
762 1464 839 1538 funt
855 1469 947 1555 plura
968 1486 1105 1557 coorta,

242 1558 349 1642 aajora
371 1579 460 1625 nova
480 1547 658 1719 Tellureff
663 1574 759 1644 atque
773 1555 904 1628 AEthere
921 1558 1044 1630 adulto.

243 1646 386 1733 incipib,
411 1669 515 1733 genus
535 1645 705 1734 illitum,
730 1647 895 1733 variaeque
912 1646 1074 1719 Volucres

251 1734 482 1822 relinquebant
504 1732 639 1805 exclufae
661 1753 810 1822 tempore
831 1759 955 1806 verno:
1144 1815 1147 1824 ,
1222 1751 1289 1823 goe

242 1826 332 1896 culos
354 1842 392 1897 ut
412 1847 503 1897 nunc
521 1826 637 1895 'teretes
661 1821 769 1895 aestate
789 1825 915 1896 Cicadae

242 1938 353 2000 uuirt,
378 1912 492 2001 sponte
510 1910 566 1984 fua
579 1913 722 1993 victum,
747 1914 923 2000 ¹vitamque
946 1929 1103 2001 petentes.

242 2063 245 2072 .
265 2004 326 2074 tibi
350 2005 453 2077 Terra
471 2002 562 2074 dedit
578 2003 724 2089 primum
744 2003 901 2075 Mortalia
919 1999 1030 2074 saecla:

242 2118 286 2163 :us
309 2092 398 2163 enirn
417 2093 537 2185 Calor,
562 2110 659 2180 atque
680 2093 815 2163 Humor
835 2090 1007 2180 superabat
1027 2092 1180 2168 ira-arvis.

242 2181 323 2250 :ubi
344 2205 481 2269 quaeque
500 2182 561 2252 loci
583 2183 673 2270 regio
695 2199 881 2268 opportuna
899 2180 1059 2271 dabatur,
1220 2198 1287 2275 805

242 2271 352 2343 :ebant
373 2271 466 2344 Uteri
483 2291 577 2341 terrae
601 2270 765 2342 radicibus
784 2272 870 2358 apti;

242 2382 250 2431 3
270 2362 329 2434 ubi
346 2378 494 2447 tempore
514 2380 643 2432 maturo
664 2356 858 2446 patefecerat
879 2376 957 2432 aetas

242 2468 321 2520 itum
343 2446 472 2535 fugiens
497 2446 696 2534 humorem,
721 2446 877 2536 aurasque
895 2441 1066 2538 petillens,

242 2538 375 2610 lertebat
392 2538 439 2608 ibi
462 2539 593 2609 Natura
612 2535 773 2608 foramina
793 2555 909 2623 terrae,

242 2652 346 2697 tecum
371 2630 464 2697 venis
486 2627 622 2716 cogebat
646 2624 783 2697 fundere
806 2628 924 2714 apertis
1218 2644 1285 2716 810

242 2714 365 2786 imilem
385 2718 512 2788 Latus:
539 2714 621 2787 licut
639 2741 730 2787 num
747 2718 898 2788 Foemina
917 2740 1054 2803 quaeque

257 2807 400 2893 peperit,
428 2806 514 2876 dulci
533 2807 674 2892 repletur
695 2808 812 2889 batte,
839 2807 930 2895 qubd
944 2808 1071 2900 omnis¹

241 2914 296 2967 tus
313 2897 349 2965 in
369 2919 528 2966 mammas
548 2894 752 2966 convertitur
772 2895 827 2966 ille
846 2896 1001 2968 alimenti.

1178 2989 1284 3062 Terra

264 3142 405 3211 Principia,
414 3143 617 3209 galerannum,
628 3141 695 3217 tite.)
724 3142 750 3198 le
766 3141 895 3211 praebebat
909 3142 993 3197 Terra
1016 3141 1100 3198 multo
1120 3146 1236 3211 gramine
1256 3164 1282 3202 a·

242 3228 267 3263 m
282 3211 405 3267 Volucres
425 3213 489 3266 Ovis
502 3212 693 3277 excluduntur,
725 3212 863 3275 bundans,
887 3228 913 3264 v.
925 3226 963 3275 17.

245 3281 347 3347 quidem
365 3289 495 3346 tempore,
515 3282 541 3333 id
555 3282 623 3336 euim
633 3289 697 3339 tem·
759 3286 817 3339 806.
842 3281 912 3333 Uteri
941 3281 1022 3331 Terrae
1048 3279 1167 3331 radicibus
1193 3279 1279 3348 apti.)

242 3346 318 3402 utime
328 3358 510 3416 opportunum,
534 3347 693 3415 sedl’lunu‘s,
725 3351 906 3424 zoraqbbiarre.
926 3347 996 3400 Olim
1012 3349 1161 3408 t'enfhra'nau,
1183 3347 1274 3415 Cape.

242 3437 265 3480 :,
285 3420 317 3470 iis
329 3419 436 3485 denique
448 3418 548 3471 viribus
557 3418 693 3481 instruite,
724 3426 754 3472 ut
765 3418 858 3481 Hodie,
878 3418 966 3483 Fayrm
987 3432 1076 3468 vocem
1089 3415 1219 3468 Ranlicibus
1230 3434 1276 3469 vo·

242 3494 290 3540 inte
325 3484 369 3538 fua
398 3487 495 3539 vitium
519 3488 691 3555 quaeritarent.
724 3487 748 3539 ci
763 3487 844 3539 Terre
854 3486 993 3550 adjunxit:
1017 3481 1059 3537 fed
1068 3482 1178 3538 fallitur.
1213 3485 1278 3539 Vide

242 3552 436 3622 eequibusdam
455 3555 608 3617 Folliculis‚
632 3572 695 3622 quas
724 3555 830 3608 omnino
853 3555 996 3607 Diodorum
1021 3552 1158 3616 Siculum,
1188 3553 1232 3607 lib.
1251 3555 1274 3609 1.

253 3622 427 3690 appellemus,
449 3624 537 3677 Terrae
545 3624 700 3677 adhaerenti·
724 3639 846 3689 magnum
856 3624 927 3677 enim
944 3636 1025 3690 operae
1043 3624 1158 3689 pretium
1177 3623 1274 3678 fuerit:

242 3691 265 3742 ia
283 3692 427 3753 Animalia,
448 3700 523 3759 atque
539 3689 585 3759 ipli
605 3691 695 3745 Homi-
723 3692 811 3745 Faber.

242 3768 360 3826 rpernnt,
380 3759 694 3829 quibusalendisidoneus
756 3768 815 3818 808.
836 3759 938 3826 Fugiens
956 3755 1122 3825 mentorem.)
1158 3758 1188 3811 In
1202 3776 1273 3837 quo,

242 3826 322 3881 ‘uui
340 3826 509 3881 [imillimusb
526 3830 615 3883 matris
627 3830 695 3883 Ter·
725 3829 776 3881 viz.
798 3827 914 3882 Infantes
926 3828 953 3881 in
963 3827 1016 3881 istie
1025 3828 1106 3882 uteris
1127 3828 1218 3881 inclulr
1230 3844 1276 3881 na·

242 3895 274 3950 ris
290 3894 420 3953 commodi
431 3898 459 3948 in
477 3914 520 3950 ora
536 3896 694 3965 lingularum
721 3896 822 3952 tabant.
1351 3943 1361 3982 Ι

262 3982 321 4019 nam
331 3967 440 4033 perlenti
451 3966 556 4019 Telluri
578 3984 630 4019 nou
647 3968 695 4018 mi·
758 3974 817 4026 809.
837 3962 911 4035 Ibi.)
930 3965 1102 4085 Ibusproiq,
1121 3962 1272 4017 Lambinus.

244 4032 285 4087 lm
295 4034 418 4090 Foeminis
435 4034 485 4087 Lac
502 4032 569 4087 retii
588 4036 695 4089 attribui
724 4034 766 4088 Ibi
776 4033 859 4089 Faber
872 4051 878 4086 :
902 4035 965 4087 Tum
975 4032 1039 4086 mihi
1054 4050 1072 4087 v
1083 4032 1157 4086 detur
1168 4030 1276 4100 respice-

242 4120 284 4155 ar:
305 4103 344 4158 Ita
363 4103 456 4159 Tellus
478 4103 639 4157 Alimentum
653 4106 695 4157 tle·
725 4119 752 4157 re
762 4119 853 4157 vocem
867 4103 933 4167 Ubi,
954 4120 979 4157 v.
994 4101 1052 4167 803.

242 4172 380 4240 l'emperies
400 4173 473 4225 Aeris
492 4172 555 4225 fecit
574 4180 603 4225 ut
621 4172 696 4225 velli-
760 4181 819 4239 813.
841 4172 947 4239 [inpetus
959 4168 1101 4232 Alimenti.)
1119 4166 1165 4220 Nil
1181 4168 1275 4221 melibe

253 4240 470 4310 noueremus,
491 4243 517 4297 St
530 4240 608 4295 molle
618 4241 694 4296 Cubi·
725 4248 836 4309 poterat,
857 4238 946 4295 sentiri
956 4238 1056 4307 potest,
1076 4253 1129 4292 non
1139 4236 1273 4305 explicari.

904 4307 965 4373 Te
