3150 4967
443 479 446 486 ’
491 455 707 556 ·'L1·BER.
745 455 1028 554 Turrim,
1260 457 1331 554 ‘157

194 624 309 700 Prima
330 622 436 701 cietur
456 625 545 695 enim
564 627 675 714 parvis
695 622 836 712 perfetta
858 622 995 714 figuris,

179 716 280 790 inde
301 716 403 800 Calor
425 732 557 799 mutue,
585 716 738 797 &Venti
759 739 841 784 eaecu
860 713 998 799 potestus

176 805 350 891 accipit:
375 802 452 873 inde
469 806 558 874 Aer:
584 804 660 875 inde
680 805 794 873 omnia
813 804 1062 873 mobilitanture

196 895 293 965 Turn
317 894 464 978 quatitur
481 890 633 980 sanguis,
657 911 727 963 tum
751 887 872 962 viscera
888 889 1120 978 persentiscunt
1232 923 1235 930 ·
1263 911 1332 983 250

198 982 351 1060 Omnia3
374 980 541 1068 postremb
564 982 660 1051 datur
681 980 827 1066 ossibus,
853 1000 949 1067 atque
972 983 1133 1065 medulsie

199 1072 278 1144 Sive
298 1070 453 1156 voluptas
473 1069 541 1155 est,
566 1067 632 1141 five
655 1070 693 1139 ‘st
710 1070 891 1140 contrarius
910 1070 1015 1140 ardor.

240 1158 320 1232 Nec
340 1158 464 1228 temere
484 1157 549 1230 hue
565 1159 659 1229 dolor
680 1157 781 1245 usque
802 1158 906 1246 potest
924 1178 1093 1245 penetrate
1104 1208 1116 1245 ,
1140 1181 1246 1246 neque
1258 1182 1331 1230 acre

166 1327 169 1350 Ι
200 1249 400 1322 remanare
422 1248 565 1333 mulum,
592 1250 672 1334 quin
695 1249 808 1320 omnia
830 1250 1082 1337 perturbentur:

166 1373 170 1416 =‚
200 1335 252 1411 Us'
267 1360 311 1407 ue
333 1336 416 1407 adeo
436 1355 475 1407 ut
487 1338 564 1407 vitae
588 1334 670 1408 defit
690 1339 801 1421 locus,
826 1360 923 1423 atque
943 1339 1075 1408 Animas
1262 1356 1332 1428 255

165 1439 170 1512 ζ
200 1427 244 1498 D·
299 1427 395 1513 giant
416 1443 521 1511 partes
539 1450 595 1512 per·
615 1428 720 1496 causas
742 1429 899 1512 Corporis
922 1428 1059 1496 omneis.

165 1517 171 1594 ἒ
202 1513 263 1588 Sed
279 1515 476 1603 plerumque
494 1512 533 1585 fit
556 1516 592 1585 in
611 1512 740 1585 summo
760 1513 848 1601 quast
871 1540 1005 1600 corpore
1027 1514 1105 1586 finis

204 1604 384 1689 Motibus,
407 1602 493 1674 hunc
513 1603 556 1673 ob
579 1628 648 1674 rem
669 1607 773 1674 vitam
794 1606 933 1675 retinere
954 1606 1111 1674 valemus.

243 1693 373 1779 Nunc,
387 1703 522 1778 eaquo
542 1697 636 1778 pauo
654 1694 740 1763 inter
758 1690 823 1762 sese
848 1692 961 1775 mista,
988 1689 1167 1778 quibusque
1275 1709 1280 1718 ’

203 1783 347 1870 Comptu
371 1781 479 1851 modis
504 1783 658 1870 vigeant,
684 1784 846 1853 rationem
867 1782 1001 1851 reddere
1023 1804 1177 1866 aventem
1263 1792 1332 1856 260

202 1870 372 1946 Abstrnhit
392 1870 537 1942 invitum
560 1872 655 1960 patrii
676 1871 837 1943 sermonis
860 1870 992 1958 egestas.
1164 1875 1165 1882 ’
1268 1958 1331 2033 Sd

1291 1986 1307 2031 e

166 2139 170 2202 s
238 2145 302 2214 Vi,
321 2147 508 2201 {urimenus
522 2147 648 2216 ἀνίημι
661 2148 755 2202 dividit
787 2145 829 2200 sed
838 2163 918 2200 unum
927 2144 1027 2201 tantbm
1038 2145 1136 2213 Corpus
1144 2148 1309 2203 constituunt.

165 2205 172 2266 s
211 2243 238 2280 ·,
303 2215 366 2268 οΠὺ.
435 2267 437 2273 ,
822 2225 874 2267 260
904 2213 1031 2282 Comptrr.)
1064 2215 1263 2279 Jurrc'su‚,stsii:
1284 2219 1331 2271 Ns.

236 2293 300 2349 2504
326 2283 391 2336 Turn
400 2280 643 2351 pumtursongur'r.)
669 2283 708 2336 sta
716 2300 755 2336 re·
787 2283 826 2336 hil
835 2289 916 2336 mutat
927 2283 1074 2344 Lambinus,
1094 2283 1127 2336 sie
1137 2284 1179 2337 lib.
1190 2299 1217 2349 4.
1233 2302 1258 2338 v.
1271 2299 1311 2351 31.

206 2349 284 2416 diris,
307 2352 336 2406 ἃ
356 2349 488 2405 sonantius
506 2351 664 2414 Lambinus,
693 2351 754 2404 dum
838 2353 873 2405 Et
884 2352 985 2418 quibust>
1000 2353 1125 2404 reburrum
1140 2355 1236 2420 Corpore
1248 2363 1332 2409 comta

207 2417 256 2478 etii
263 2417 384 2473 scribunt
396 2422 532 2471 Genetrtr'tur
539 2421 702 2484 tumfitngur'r.
885 2423 984 2485 vigeret.

237 2501 297 2554 252.
322 2488 571 2555 montuosum.)
599 2488 708 2550 Quidam
719 2488 755 2539 le·
786 2486 869 2540 Faber
895 2496 980 2540 tamen
999 2486 1062 2553 legit
1080 2488 1150 2554 Copta
1164 2483 1207 2540 seu
1226 2490 1330 2555 Coepta:

206 2565 268 2676 ff
292 2557 431 2608 conmoritur
447 2555 556 2620 AEpror,
591 2553 634 2608 seu
651 2558 754 2621 Angorr
768 2603 771 2640 Ι
787 2555 863 2608 Ratio
874 2557 940 2610 enim
949 2552 1104 2609 vociferatur
1114 2572 1143 2607 eo
1163 2556 1287 2609 vocabulo
1304 2574 1332 2609 o·

253 2622 325 2676 nihil
333 2630 436 2676 mutant
446 2622 612 2689 interpretes,
623 2622 681 2676 oiim
689 2624 756 2689 apud
787 2639 834 2688 pns
847 2621 915 2684 esse,
935 2623 975 2674 cui
985 2624 1121 2675 eonvenite
1138 2621 1212 2691 possit
1223 2625 1291 2676 Inter
1291 2627 1333 2687 se.

206 2688 354 2754 centlum,
370 2691 449 2743 Ardor
447 2691 485 2758 fit
493 2692 574 2744 Dolor.
779 2693 809 2752 se
824 2691 910 2754 muto,
931 2691 1014 2757 qnod,
1037 2691 1088 2744 viz.
1116 2691 1329 2760 Castigationem,

273 2761 347 2812 credo
358 2768 386 2811 ut
393 2762 479 2824 gravis
489 2759 719 2826 acquiescutdrdor.
787 2776 902 2818 nexum,
929 2761 955 2812 ἃ
974 2758 1108 2812 vinculum
1130 2759 1232 2828 aliquod
1248 2770 1329 2817 notet.
1379 2793 1382 2799 ·

207 2824 265 2880 lieet
280 2827 340 2881 voci
358 2825 398 2879 isti
418 2828 528 2895 nequius
546 2828 643 2895 aliquid
660 2825 755 2880 subesse
790 2823 1034 2895 Coupmsautemseu
1045 2829 1126 2894 t'oprus
1138 2829 1249 2884 idemest
1264 2830 1332 2898 quod

212 2894 298 2958 Vofflus
309 2893 447 2948 existimet.
786 2896 848 2948 alibi
863 2897 928 2948 dixit
940 2895 1024 2947 Urrirer
1034 2906 1117 2962 aptus,
1137 2896 1215 2962 infra,
1233 2915 1258 2952 v.
1271 2910 1330 2965 851.

239 2977 299 3029 259.
321 2966 400 3016 Nunc
408 2981 488 3028 capue
499 2963 573 3027 passo.
591 2961 663 3031 Sec.)
683 2961 756 3016 Diffi·
853 2964 949 3032 ,Quibus
963 2963 974 3014 ὲ
981 2964 1065 3025 sumus
1079 2967 1158 3016 uniter
1173 2969 1232 3032 apti.

209 3030 328 3099 eiseopus
337 3032 390 3096 jam
402 3028 550 3108 aggreditur
561 3031 654 3095 Poeta,
676 3035 702 3085 ἃ
713 3033 755 3094 eui
787 3033 881 3096 Vides,
902 3048 934 3084 ex
943 3032 989 3083 r'dr'r
1001 3032 1150 3097 aptisrrmus,
1170 3033 1237 3102 quod
1252 3034 1293 3090 hic
1301 3054 1332 3093 u·

209 3116 250 3167 pro
269 3101 397 3168 dignitate
429 3100 472 3151 sua
492 3098 646 3165 persiciendo
665 3100 755 3153 Latina
787 3102 845 3153 nica
865 3117 926 3153 voce
943 3098 1081 3165 expressit,
1104 3105 1214 3168 coaptum
1226 3104 1330 3169 dicens,

209 3168 307 3237 Lingua
324 3185 378 3221 non
396 3164 756 3235 suppeditntvoeeseongruas
785 3167 938 3229 iteminsra,
958 3185 983 3220 v.
996 3177 1053 3232 858.

210 3239 336 3304 &eptam
357 3236 445 3303 Pergit
454 3243 558 3298 tamen,
579 3237 604 3289 ἃ
619 3253 645 3288 v.
659 3250 698 3301 30.
713 3238 756 3287 do-
854 3265 901 3275 -
910 3236 964 3302 ,Qui
973 3247 1031 3287 retu
1040 3238 1210 3304 cour'ungr'oque

210 3304 525 3377 manumittens,
547 3304 684 3367 Calorem,
707 3317 756 3357 nu·
840 3306 960 3371 Corporis,
987 3314 1056 3370 utque
1073 3305 1168 3356 Arumae
1191 3304 1353 3372 eorrfistr‘mrre'

209 3388 280 3438 nm,
303 3377 416 3436 Aerem,
437 3381 603 3441 quartamque
613 3374 757 3424 innomina—
884 3373 970 3426 uniter
984 3373 1044 3438 apti.

209 3447 324 3495 &mrem
338 3443 408 3495 inter
425 3439 573 3507 seperfette
591 3439 706 3502 misceri,
727 3449 756 3494 ut
790 3439 932 3509 addequbd
942 3441 968 3491 in
977 3440 1022 3492 lib.
1033 3438 1078 3491 1V.
1093 3439 1128 3493 est
1139 3439 1220 3507 loeus,
1256 3441 1333 3500 uisn-

210 3508 383 3563 indesiatuna
399 3512 529 3577 quaerlam,
550 3526 628 3575 eaque
643 3508 757 3561 tenuisii-
787 3508 949 3573 eilbertum
965 3509 1208 3578 iudyupprobetu'
1279 3521 1333 3578 ptus

210 3593 248 3630 ma
261 3575 418 3641 substantia,
439 3595 493 3645 qua
511 3594 556 3644 per
565 3585 648 3631 toturn
658 3578 756 3643 Corpus
788 3575 909 3631 vitiosum
919 3578 975 3631 esse.
1013 3579 1076 3640 Quis
1085 3578 1154 3630 enim
1163 3575 1253 3634 Leuni
1261 3581 1334 3635 dirre-

210 3644 470 3700 immansuetorum
482 3643 755 3712 abipsocontineatur,
786 3647 838 3708 rit,
858 3645 948 3698 Anione
973 3643 1004 3707 est
1021 3656 1113 3712 comptu
1141 3665 1195 3699 cum
1219 3657 1333 3717 corpore?

211 3721 266 3766 tum
281 3713 329 3780 ipfi
347 3711 421 3768 causa
440 3711 527 3767 salutis
544 3711 584 3766 stt.
631 3713 756 3765 Omnibus
787 3710 1114 3781 quodtamenvisuruses,

208 3781 269 3834 verb
281 3799 334 3835 non
351 3783 439 3851 eadem
458 3782 527 3849 regio
548 3784 573 3835 Se
585 3778 676 3839 sedes3
695 3781 757 3838 Pars
839 3781 918 3849 Atque
933 3782 1018 3835 Animi
1034 3787 1144 3849 puorriam
1162 3783 1231 3838 docui
1242 3794 1334 3851 ¹ruitura

207 3848 670 3918 illaqueAnimuspropriedieitnr‚
692 3850 757 3902 inte·
886 3847 1019 3919 puideffet,

208 3916 261 3971 rius
282 3920 310 3974 dt
327 3916 406 3972 altius
423 3915 487 3981 fita,
515 3916 550 3971 est
574 3917 658 3971 veluti
676 3918 756 3969 totius
839 3918 874 3971 Et
885 3919 990 3986 quibust
1005 3919 1071 3970 rebus
1088 3936 1141 3971 cum
1154 3920 1253 3987 Corpore
1264 3936 1334 3975 eom·

209 3988 305 4040 Animae
315 3985 530 4040 hurdamentum:
551 3999 619 4039 aura
629 3984 700 4048 verb,
712 3986 759 4037 Cu-¹
886 3995 929 4053 pta
936 3990 1044 4054 vigeret:

208 4053 265 4118 lor,
287 4057 314 4108 ἃ
332 4058 398 4117 air,
411 4056 454 4108 ¹ita
473 4056 541 4107 inter
561 4052 586 4114 [e
601 4051 757 4117 miscentur,
788 4053 830 4107 Ibi
838 4055 924 4123 itaque
937 4054 1141 4117 restituendum,

207 4137 237 4178 nt
250 4139 348 4180 unam,
368 4139 415 4188 pro
428 4121 526 4184 ‹liverse
545 4122 701 4176 animalium
714 4139 758 4176 na·
840 4151 916 4163 -——
932 4127 988 4177 cum
998 4138 1090 4189 corpore
1100 4123 1290 4192 edptevigeret.

208 4198 283 4253 nara,
321 4187 485 4244 substantiam
504 4199 679 4257 componant:
716 4192 757 4242 Sic
789 4192 819 4244 lu
827 4191 879 4256 eu,
898 4195 985 4247 uniter
994 4201 1069 4259 apta,
1088 4204 1187 4260 coapta,
1206 4208 1332 4258 connexa,

210 4257 286 4312 Calor
293 4296 310 4324 „
324 4258 421 4326 Sapor„
443 4260 528 4323 Odor,
548 4259 575 4312 in
592 4257 707 4325 quolibet
719 4260 759 4312 ri·
789 4267 956 4336 ,msam

208 4322 277 4384 scere
292 4324 449 4385 miscentur3
469 4343 520 4379 non
540 4329 627 4380 tumen
640 4322 755 4391 diversa,

355 4529 363 4560 r
