3150 4967
251 486 302 574 4⁶
603 473 680 555 ‘'r„
709 470 1014 556 rucnrrn

296 642 428 715 Deinde
448 641 580 713 inimica
598 641 707 715 modis
734 622 848 716 multia
867 640 966 730 lunt,
1000 660 1099 732 atque
1120 667 1251 717 venena
1333 637 1388 737 7&

251 731 323 823 Ipsa
348 731 408 804 srbi
429 734 515 803 inter
534 730 586 813 se;
612 737 728 819 Qrare
746 750 804 803 aut
828 731 991 822 congrell'a
1016 735 1196 823 peribunt,
1372 729 1380 799 l
1415 749 1420 785 r

223 826 320 898 *Aut
341 824 387 895 ita
407 818 606 911 diffugient,
629 840 669 893 ut
688 821 879 909 tempestate
898 842 1031 909 coorta,
1419 879 1420 888 ,

251 904 612 1000 Fulminarliffugere,
636 930 735 1001 atque
752 913 895 985 Imbreis
918 910 1109 1001 Ventolquc
1127 913 1294 990 videmus.
1375 919 1381 958 ¹
1417 922 1420 960 ⁵

274 1086 277 1093 ¹
296 1003 451 1090 Denique
470 1007 628 1089 Quarum
644 1026 685 1072 ex
706 1002 805 1075 rebus
824 1000 850 1073 fi
870 1007 988 1090 contla
1006 1023 1183 1095 creantur,
1416 1007 1420 1050 ³

250 1094 361 1180 Atque
382 1093 418 1162 in
441 1116 493 1161 eas
523 1088 654 1172 rursum
677 1114 729 1162 res
750 1093 863 1163 omnia
882 1089 1122 1178 diliolvuntur‚
1330 1093 1391 1188 767

252 1187 326 1270 Qui
347 1182 450 1269 magis
470 1181 524 1251 illa
542 1198 671 1267 queunt
689 1205 802 1253 rerum
825 1182 1007 1254 Primordia
1030 1183 1120 1271 dici,

252 1276 367 1359 Qram
386 1288 499 1342 contra
518 1295 571 1341 res
590 1272 747 1358 illorum,
771 1289 926 1359 retroque
938 1273 1076 1360 putari?

251 1361 394 1434 Alternis
413 1361 594 1448 gignuntur
611 1360 722 1447 enim,
747 1380 943 1448 mutantque
959 1362 1126 1447 colorem,

251 1452 296 1523 Et
315 1467 418 1521 totam
438 1451 524 1520 inter
548 1447 580 1521 se
605 1468 761 1522 naturam
777 1467 926 1538 tempore
944 1449 986 1522 ab
1010 1452 1127 1522 omni:

253 1540 314 1613 Sin
333 1540 379 1612 ita
405 1536 490 1610 forte
517 1557 639 1627 puras,
664 1541 775 1629 Ignis,
804 1542 983 1628 Terraeque
1010 1541 1097 1613 coire
1333 1541 1399 1636 77b

252 1631 407 1717 Corpus,
433 1631 466 1701 &
494 1630 603 1701 Aerias
629 1654 747 1716 auras,
772 1632 961 1719 Roremque
980 1630 1174 1719 liquorum,
1380 1649 1386 1676 ²

251 1719 312 1792 Nil
335 1720 370 1789 in
388 1719 527 1790 concilio
548 1737 702 1791 naturam
723 1738 763 1791 ut
787 1738 895 1814 mutet
918 1744 1054 1791 eorum:

252 1809 356 1882 Nulla
373 1808 435 1881 tibi
454 1834 496 1881 ex
518 1810 583 1882 illio
603 1810 723 1897 poterit
742 1834 794 1880 res
818 1807 876 1880 effe
897 1827 1025 1896 creata,

252 1900 337 1973 Non
361 1899 539 1986 Animam,
564 1922 636 1970 non
653 1901 817 1971 Exanimo
836 1900 914 1986 quid
934 1922 1089 1987 torpore,
1115 1916 1154 1972 ut
1173 1897 1303 1975 mbos:

253 1991 388 2076 Quippe
408 1987 501 2060 suam
522 1989 666 2076 quidque
686 1990 722 2059 in
745 2006 833 2059 coetu
858 1989 1013 2059 variantis
1037 1990 1145 2061 acervi

252 2080 418 2151 Naturam
435 2077 605 2163 ostendet,
631 2074 807 2165 mistusque
828 2078 994 2149 videbitur
1013 2079 1076 2150 Aer
1419 2146 1420 2154 ,

253 2168 342 2237 Cum
358 2168 462 2237 Terra
486 2163 603 2247 simul,
630 2184 728 2253 atque
751 2167 858 2240 Ardor
879 2192 955 2237 cum
977 2167 1066 2240 Rore
1084 2191 1239 2242 manere:
1332 2230 1336 2238 .
1395 2170 1420 2274 'r

251 2258 297 2327 At
313 2255 495 2337 Psimordia
517 2256 694 2342 gignundis
716 2257 752 2327 in
778 2257 879 2327 rebus
901 2267 1031 2344 oportet

251 2346 417 2420 Naturam
437 2344 706 2432 Clandestinam,
732 2370 919 2435 eoecanrque
939 2345 1120 2432 adhibere,

1304 2433 1420 2534 umt'

284 2643 345 2724 760.
366 2658 686 2725 Deindrinimicomoriir,)
705 2658 804 2724 Quarto
841 2678 892 2783 {uo
900 2658 967 2726 casu,
981 2677 1032 2713 non
1046 2656 1097 2727 ipsa
1105 2657 1192 2728 potius
1203 2676 1301 2727 rerum,
1317 2658 1393 2732 quiin

251 2744 277 2780 v.
290 2741 316 2794 4.
338 2727 695 2795 quidElementacontraria,
706 2745 805 2795 acpro-
866 2748 892 2783 es
903 2728 1151 2797 ipsorumprincipia
1159 2727 1235 2784 sunt:
1257 2732 1395 2787 Autnatu'·

250 2796 311 2849 inde
328 2792 353 2849 le
369 2796 653 2863 mutooperemptura‚
674 2806 719 2850 aut
735 2814 804 2850 nun-
842 2799 879 2850 ris
889 2795 996 2851 servatis
1014 2813 1118 2852 acervos
1130 2796 1212 2852 solum
1220 2801 1346 2867 quosdam
1361 2813 1394 2856 ex

250 2880 329 2983 {luam
338 2871 407 2917 certe
419 2866 487 2918 inter
498 2862 523 2919 se
532 2865 657 2919 coalitura
668 2867 800 2920 inducant.
841 2868 873 2918 iis
884 2864 959 2929 lieri,
980 2881 1031 2933 quo
1042 2862 1099 2920 calu
1109 2866 1183 2920 nulla
1195 2868 1273 2920 unius
1288 2865 1392 2935 speciei,

278 2934 437 2985 orum-onim
456 2932 653 2988 Elementorum
670 2932 802 2997 fautores,
840 2935 969 3002 uniusque
990 2935 1101 2987 nominis
1120 2951 1160 2988 res
1184 2937 1315 2996 orireturr
1351 2935 1394 2992 sed

250 3000 334 3053 veluti
341 2999 430 3053 Patres
439 3000 550 3055 ramirus
561 3002 668 3069 singulis
677 3000 733 3055 suas
742 3020 804 3069 qua·
841 3001 944 3056 tantum
952 3002 1040 3069 Ignis,
1061 3002 1153 3067 Aeris,
1173 3004 1268 3085 Aq'ute,
1289 3007 1317 3060 &
1328 3006 1410 3061 Teu·

250 3067 337 3123 litores
353 3069 516 3130 attribuunt3
543 3070 663 3123 Calorem
679 3074 705 3124 &
724 3071 804 3125 Sicci·
840 3087 890 3135 rae,
912 3072 1392 3140 rudisquaedam&indrgeltamolest

250 3146 330 3192 tatem
338 3137 431 3203 altori,
451 3139 526 3192 alteri
541 3156 603 3192 vero
612 3140 803 3193 Humilitatem
839 3147 870 3193 ut
879 3156 910 3192 ex
919 3140 1005 3203 Auri,
1028 3139 1156 3206 Argenti,
1178 3140 1289 3206 Stanni,
1310 3142 1394 3197 AEris·

251 3209 277 3261 ἃ
289 3207 409 3274 Frigus,
432 3206 621 3263 Humilitatem
639 3211 666 3262 o
684 3208 803 3261 Calorem
840 3224 890 3275 que
900 3209 1023 3262 ramentis
1034 3208 1101 3260 nihil
1113 3225 1227 3277 unquam
1238 3216 1333 3277 praerer
1342 3212 1395 3265 Au·

249 3274 363 3336 Tertior
383 3277 482 3340 Quarto
496 3276 801 3345 rleniqueSicoitatem&
840 3277 880 3340 ri,
901 3276 937 3329 Ar
956 3277 1028 3339 enti,
1050 3276 1157 3341 Stanni,
1179 3277 1302 3346 AErisque
1324 3295 1394 3334 aret»

249 3344 360 3412 Frigus:
373 3344 422 3399 lto
438 3345 491 3399 lraec
502 3346 641 3400 Elementa
648 3347 676 3397 in
684 3353 803 3399 mutuom
840 3362 903 3399 vum
917 3292 1019 3399 elicies.
1057 3345 1197 3400 Concludit
1213 3346 1324 3415 denique
1343 3347 1395 3403 Re-

249 3413 391 3479 perniciem
408 3422 524 3478 armant,
545 3415 576 3468 ab
587 3415 619 3467 iis
631 3422 718 3467 tamon
735 3413 802 3466 nihil
840 3429 899 3465 rum
911 3414 1037 3480 principia
1051 3410 1258 3483 senfibilialiqm
1268 3415 1394 3483 qualitate

249 3489 342 3547 praeter
360 3481 452 3535 Pacem
462 3520 477 3553 ,x
492 3483 678 3546 Concordiam,
700 3484 726 3536 8r
744 3482 765 3535 F
767 3498 803 3534 oe-
840 3483 944 3547 praerlita
952 3482 984 3534 ad
992 3498 1079 3537 rerum
1087 3484 1281 3551 generationem
1289 3482 1393 3552 prorsus

249 3550 463 3615 deraexpetlant.
840 3550 927 3616 inepta
938 3548 1002 3603 lore.
1346 3607 1349 3613 ,

282 3624 343 3681 760.
363 3615 592 3685 nmmum>
610 3616 692 3671 Varro
698 3617 725 3710 (l
735 3617 758 3671 1.
771 3619 802 3671 de
873 3625 933 3682 766.
957 3617 1045 3688 Ira‚)
1063 3618 1201 3674 Elementa
1211 3619 1265 3674 viz.
1276 3618 1343 3676 licet
1347 3619 1394 3677 Res
1412 3645 1417 3650 ·

248 3684 288 3740 rte
299 3685 423 3749 Rustica,
839 3688 972 3754 pracedat.
1388 3713 1391 3720 v

298 3755 420 3822 ,Quadam
451 3753 548 3822 pecudes
567 3755 674 3822 ,cultura
696 3754 802 3807 inimica
856 3768 934 3819 774.
953 3754 1023 3823 ,Quid
1035 3752 1071 3822 ,)
1094 3756 1171 3819 Cum,
1192 3753 1273 3809 Codri.

340 3822 444 3884 suntne
462 3838 572 3876 veneno.
873 3836 933 3887 777.
954 3825 1033 3891 Atque
1049 3823 1129 3877 Ardor
1139 3824 1174 3891 ,)
1191 3824 1232 3878 lta
1250 3823 1395 3882 Lambinus

282 3898 344 3953 762.
367 3891 492 3956 comm)
530 3889 632 3953 Goaria,
657 3888 738 3943 MSS.
761 3904 804 3944 re·
839 3907 892 3944 non
903 3892 1152 3957 dubiisconjeuuris
1163 3893 1275 3956 ductus,
1291 3891 1395 3949 senten·

249 3957 334 4012 stiur:
356 3959 439 4013 enarra
449 3958 512 4012 vero
521 3975 573 4011 non
590 3958 799 4027 raTrmpeflote,
838 3961 956 4014 tiaemm
966 3958 1019 4029 ipsa
1030 3959 1150 4028 postulat.
1179 3960 1264 4015 Ardor
1272 3963 1394 4031 prolgne

248 4025 290 4081 seo
299 4034 334 4087 τὸ
342 4028 456 4080 Fulmina
466 4023 618 4095 conjungas:
840 4045 866 4082 v.
878 4036 939 4092 669.
1273 4057 1281 4068 -·

282 4096 342 4161 764.
362 4098 471 4163 Denique
478 4105 581 4162 quatuor
590 4114 621 4149 ex
635 4096 712 4158 rebus,
725 4091 800 4163 iffa.)
873 4111 933 4162 779.
955 4094 1129 4161 Clonrlestr'nam
1138 4057 1315 4165 camimum)
1331 4097 1394 4155 Non

248 4164 347 4228 Quinto
357 4181 383 4217 v.
398 4173 438 4223 18.
459 4163 528 4231 quod
545 4171 590 4218 aut
605 4162 689 4217 dicere
706 4160 801 4216 debent
839 4165 961 4228 absarrum
974 4167 1135 4231 &lotorem
1156 4165 1266 4231 utAlii,
1285 4164 1395 4223 sedSm·

217 4275 231 4304 a·
246 4231 485 4287 Elementaamillis
493 4234 594 4286 naturis
602 4233 697 4286 mutari
709 4234 736 4283 in
747 4248 798 4293 res,
828 4234 952 4299 fibusrrou
961 4238 1118 4303 apparentem

247 4318 304 4375 gua
317 4303 408 4359 deinde
426 4298 516 4359 rurlur
530 4302 560 4357 in
570 4298 624 4371 ipsa
634 4308 796 4366 ,autentum
