3150 4967
256 442 326 526 ης
629 428 674 506 r.
713 427 1016 512 auouarn

255 594 371 670 Tantb
394 616 532 682 quaeque
552 593 656 681 magis
677 618 754 667 cum
773 619 908 684 corpore
925 592 998 668 fusa
1015 595 1158 684 peribit3

256 685 360 772 Quod
380 699 551 771 permanat
572 684 684 780 enim,
709 680 912 756 diffolviture
937 687 1056 758 Interit
1071 710 1165 778 ergo.

254 770 453 862 Dispertitur
476 774 566 843 enim
588 796 646 859 per
666 774 773 845 caulas
795 774 953 862 Corporis
970 775 1121 848 omneis:
1386 841 1412 854 ,,

256 866 306 938 Ut
326 865 419 936 cibus
444 864 481 934 in
503 862 651 932 membra
670 879 768 950 atque
792 881 884 936 artus
904 864 982 934 oiim
1004 864 1130 936 diditur
1157 862 1300 956 omneis,
1354 899 1360 936 -.·
1396 903 1412 946 ᾖ·

255 950 423 1042 Disperit,
448 970 546 1039 atque
564 952 661 1022 aliam
688 972 843 1024 naturam
863 949 985 1024 sufficit
1009 978 1052 1024 ex
1067 950 1121 1025 see
1353 1006 1362 1028 r
1404 1024 1412 1036 ,

258 1044 313 1118 Sic
331 1044 449 1116 Anima
471 1061 569 1129 atque
592 1042 734 1112 Animus
751 1044 903 1128 quamvis
916 1044 1042 1130 integra
1062 1065 1177 1116 recens
1198 1042 1240 1118 in
1317 1067 1333 1148 p

257 1135 389 1219 Corpus
405 1150 506 1213 eunt,
532 1131 699 1201 tamenin
724 1129 892 1203 manando
914 1127 1156 1212 diffolvrnrtur3
1264 1189 1269 1202 ..
1351 1173 1355 1178 -

256 1223 353 1296 Dum
373 1217 462 1308 quafi
481 1242 539 1306 per
559 1220 666 1290 caulas
686 1221 816 1292 omneis
829 1220 988 1291 diduntur
1005 1222 1044 1298 in
1061 1239 1155 1294 artus

257 1311 450 1395 Particulae,
476 1308 596 1395 quibus
617 1308 688 1379 haec
701 1310 816 1381 Animi
834 1327 951 1381 natura
970 1327 1120 1382 creatur:
1165 1373 1168 1378 .

258 1401 346 1490 Qtae
367 1422 457 1470 nuno
475 1400 512 1468 in
525 1397 636 1468 nostro
652 1398 842 1470 dominatur
862 1399 1009 1486 Corpore
1028 1417 1107 1474 nata

256 1489 310 1564 Ex
327 1487 402 1573 ilia,
427 1511 501 1576 quae
520 1510 601 1558 tunc
619 1488 738 1574 peritat
755 1489 874 1576 partita
893 1512 950 1575 per
969 1505 1071 1562 artus.

259 1579 472 1665 Quapropter
489 1600 595 1664 neque
614 1579 713 1648 natali
732 1579 860 1665 privata
882 1578 1015 1648 videtur

234 1749 236 1754 Ι
257 1664 328 1742 Ess'e
349 1666 401 1736 die
425 1685 541 1736 natura
562 1668 713 1748 Animae,
738 1663 993 1756 nequefuneris
1013 1688 1141 1755 expete.

304 1756 436 1828 Semina
455 1775 610 1844 praeterea
627 1757 843 1843 linquuntur,
868 1780 993 1842 necne,
1016 1758 1155 1829 Animai

258 1847 408 1931 Corpore
426 1846 462 1916 in
485 1847 664 1917 exanimo?
687 1846 777 1932 quod
799 1842 824 1915 fi
846 1845 1062 1932 linquuntur,
1089 1841 1278 1935 uirium,
1349 1859 1355 1876 ¹

257 1935 361 2007 Haud
380 1936 461 2020 erit,
485 1953 525 2006 ut
545 1937 666 2006 merito
686 1935 881 2006 immortalis
899 1931 996 2022 poffit
1015 1932 1154 2018 haberis
1313 1947 1364 2046 με

190 2045 195 2058 ‘
257 2023 411 2097 Partibus
430 2021 551 2094 amissis
574 2025 731 2111 quoniam
750 2024 851 2094 libata
867 2019 1001 2095 receffit
1053 2053 1056 2058 ·

259 2114 319 2185 Sin
344 2112 389 2181 ita
409 2110 541 2183 sinceris
561 2113 719 2183 membris
739 2113 846 2184 ablata
863 2112 1030 2201 profugit,

258 2203 307 2275 Ut
328 2201 434 2271 nullas
459 2202 635 2288 parteisin
655 2203 802 2289 Corpore
826 2202 957 2289 liquerit
977 2227 1019 2272 err
1040 2198 1098 2274 see

258 2287 359 2363 Unde
382 2290 537 2361 cadavera
558 2293 705 2363 rancenti
730 2293 794 2378 jam
813 2291 934 2362 viscere
958 2292 1101 2363 venneis

257 2380 442 2468 Expirant?
465 2397 499 2451 at
521 2405 563 2451 ue
585 2382 675 2452 unde
693 2382 899 2456 animantum
920 2383 1012 2467 copia
1032 2397 1124 2452 tanta
1321 2399 1370 2472 720

258 2471 369 2550 Eros,
396 2473 427 2540 dc
452 2404 621 2559 exibnguis
639 2472 785 2542 tumidos
803 2471 996 2557 perfluctuat
1011 2469 1137 2543 artus?

305 2559 411 2646 Quid
433 2555 459 2628 sr
481 2556 566 2630 forte
586 2562 725 2632 Animas
747 2558 946 2631 extrinsecus
964 2556 1123 2631 insinuari

257 2645 463 2740 vermibus,
492 2650 653 2736 &privas
675 2651 867 2736 incorpora
888 2646 971 2736 poffe
994 2650 1108 2719 venire

259 2737 399 2821 Credis,
424 2761 485 2807 nec
506 2757 636 2824 reputas
658 2762 714 2808 cur
736 2740 837 2808 millia
858 2739 962 2808 multa
981 2739 1180 2810 Animarum

258 2826 492 2909 Conveninnt,
519 2827 608 2894 unde
628 2850 694 2896 una
712 2825 889 2897 recesserit:
915 2829 990 2900 Hoc
1008 2845 1124 2916 tamen·
1137 2825 1186 2899 est
1195 2843 1240 2902 ut
1325 2843 1377 2920 725

259 2913 488 3002 Querendum
509 2915 686 2999 videatur,
713 2916 795 2985 &in
814 2912 988 2985 discrimen
1009 2914 1197 3004 agendume

225 3093 229 3100 Ι
258 3003 382 3076 Utrum
403 3001 536 3072 tandem
557 3003 688 3075 Animae
709 3022 875 3076 venentur
895 3001 1020 3076 semina
1041 3028 1180 3096 quaeque

1205 3207 1208 3212 .
1315 3117 1384 3192 Ver.

259 3316 314 3357 rena
342 3301 512 3355 mutationem
531 3298 672 3357 subituram
691 3300 766 3368 effe,
785 3304 814 3358 ἃ
838 3302 908 3370 hue,
927 3303 1332 3386 dicerennempnemqueeutde

258 3369 367 3439 proinde
375 3370 517 3425 mortalem.
841 3388 868 3425 re
881 3372 1005 3437 Semina,
1024 3388 1058 3426 err
1076 3373 1170 3441 quibus
1193 3373 1340 3434 fabricetur

294 3452 354 3501 700.
377 3440 456 3493 Tanto
473 3438 603 3508 quaeque.)
625 3439 703 3494 Tanto
719 3453 810 3509 nempe,
842 3440 940 3509 Corpus
956 3441 1104 3508 proprium,
1124 3450 1156 3496 ut
1173 3459 1204 3497 ea
1221 3445 1339 3512 patietur
1352 3445 1385 3498 in·

259 3503 350 3579 ¹Faber.
840 3511 992 3572 commoda,
1011 3526 1067 3576 qua
1082 3507 1135 3563 sme
1150 3510 1270 3580 Corpore
1284 3511 1335 3569 effe
1348 3529 1386 3568 ne·

293 3588 354 3640 710.
374 3571 495 3644 Periere.)
520 3573 562 3628 ni.
583 3573 673 3630 Periit.
841 3587 957 3645 queant,
977 3575 1329 3648 autsubireincorpusjern
1342 3581 1386 3638 eie·
1410 3627 1412 3642 ,

258 3643 809 3770 stinuintrtnmritffl'ttnini
840 3645 1383 3773 diiiiffsiiioiiidim‘ffiffl'

258 3750 536 3847 discederrseCorporb
551 3778 716 3850 qaasttamiui
730 3783 809 3847 parti-
874 3798 934 3848 717.
954 3786 1056 3837 Sinem'r
1066 3783 1212 3856 munheri.)
1245 3787 1386 3842 &mu

259 3849 330 3922 eules
340 3851 403 3902 ineo
412 3849 561 3917 relinquat,
582 3848 753 3904 diisolubiiem
770 3866 811 3902 ar·
840 3855 969 3916 membru,
989 3853 1088 3907 Faber:
1105 3853 1167 3908 Non
1179 3856 1252 3910 enim
1266 3857 1296 3910 id
1309 3857 1386 3925 apim

259 3925 344 3983 gaunt
354 3917 469 3971 delibata
480 3917 633 3985 particulae;
653 3919 680 3972 Si
696 3935 748 3972 non
769 3934 810 3972 re·
841 3937 928 3986 nune,
949 3931 1029 3974 utrum
1039 3940 1093 3974 erran
1101 3923 1192 3974 Anima
1206 3925 1282 3988 onie,
1300 3927 1387 3990 integre

258 3984 380 4054 linquat,
404 3986 475 4038 reddi
486 3984 559 4039 cerusa
570 3995 679 4054 nequeat
688 3987 811 4055 qtramob·
838 3999 934 4042 manent
952 3991 1065 4042 enemim·
1114 3991 1155 4044 uis
1172 3992 1244 4046 enim
1267 3993 1387 4050 eadere

258 4055 477 4134 ¹rerntotVermes
491 4056 631 4134 gignantur
652 4057 680 4107 in
697 4056 810 4109 Cadave-
838 4073 953 4125 unquam
964 4056 1064 4113 dubitet
1097 4006 1170 4128 bsed
1187 4061 1386 4122 aaronem,
1409 4036 1412 4180 Ῑ

258 4136 304 4182 re;
324 4120 383 4174 cinn
393 4124 476 4176 dicere
509 4124 593 4177 uidem
605 4132 644 4178 tot
654 4124 759 4178 Animas
778 4121 808 4176 ed
838 4128 980 4192 cremabit,
998 4127 1240 4197 dernienetasuiparte
1286 4129 1388 4194 &leb

259 4139 558 4270 eonflucrcextrindecus
571 4194 640 4247 unde
660 4189 808 4246 unaexces·
838 4202 864 4246 tn
874 4196 975 4250 recedat.
1131 4229 1134 4234 ·
1248 4164 1260 4197 ⁹
1303 4227 1307 4232 ·
1364 4235 1368 4242 -
1410 4199 1412 4222 ¹

258 4253 336 4324 serit,
356 4257 539 4328 perabirudum
549 4259 601 4328 fit,
620 4278 649 4316 ec
666 4262 747 4331 magia
763 4261 808 4314 ad·
866 4323 869 4328 ¹
