3150 4967
483 432 1003 533 intronisatus.
1227 404 1303 542 aa,

167 609 390 707 Quaecunque
407 603 496 675 inter
516 601 548 674 se
561 585 694 691 possuit
715 591 879 763 eonffg'relia
899 625 1028 692 creare,

167 700 211 773 Ut
235 719 313 765 non
331 699 370 764 lit
387 694 509 764 mirum
527 691 551 764 si
570 695 606 763 in
617 694 715 765 *taleis
733 694 767 763 di
780 691 955 781 posituras'

167 784 377 872 Deciderunt
404 803 554 870 quoque,
580 784 668 853 &in
685 784 775 853 taleis
796 806 914 864 venere
936 802 1085 878 mentm,

167 874 338 964 Qualibus
355 871 431 942 *haec
449 895 561 941 reruni
589 872 719 959 genitur
737 895 829 943 nunc
848 874 985 943 Summa
1006 868 1173 943 novando.

210 961 325 1050 Quod
338 958 373 1031 st
393 960 457 1047 jam
478 979 589 1030 rerum
608 962 757 1047 ignorent
774 960 958 1031 Primordia
976 983 1049 1047 quae
1071 958 1155 1048 fint,

169 1050 246 1127 Hoc
271 1069 383 1121 tumen
401 1075 442 1119 ex
461 1046 536 1135 iplis
557 1050 641 1119 Coeli
662 1048 845 1119 rationibus
862 1046 966 1138 ausina

175 1137 402 1223 Confirmata,
426 1138 561 1225 aliisque
581 1162 622 1207 ex
641 1137 739 1208 rebus
758 1137 893 1208 reddere
917 1137 1049 1220 mairie,

168 1226 392 1326 tNequaquam
417 1225 516 1297 nobis
537 1227 697 1297 divinitus
716 1223 775 1297 effe
796 1244 943 1313 paratam

180 1311 340 1393 Naturam
360 1336 489 1401 rerunt,
514 1332 605 1385 tanta
632 1314 693 1385 stat
711 1316 847 1402 praedita
870 1316 974 1401 culpa.

216 1406 406 1492 Principii),
431 1421 590 1492 quantum
607 1404 692 1475 Coeli
715 1406 797 1493 tegit
816 1405 959 1490 impetus
982 1403 1120 1496 ingens,

183 1493 255 1567 lnde
274 1494 408 1564 avidam
427 1511 552 1581 partem
568 1494 714 1565 Monteis
725 1543 737 1578 ,
763 1493 935 1580 Sylvaeque
955 1491 1099 1564 letarum

184 1578 361 1669 Poliedere,
389 1601 503 1653 tenent
519 1584 652 1667 Rupes,
676 1581 839 1667 vastaeque
861 1581 1026 1668 Paludes,

184 1672 220 1750 Et
235 1674 350 1757 Mare,
377 1670 466 1759 quod
483 1670 546 1741 late
563 1672 743 1742 Terrarum
759 1668 891 1739 distinet
909 1694 992 1740 oras.

179 1760 254 1834 -lnde
273 1761 354 1831 duas
373 1780 472 1855 porro
491 1781 592 1846 prope
612 1759 729 1846 parteis
748 1754 893 1829 fervidus
915 1759 1039 1840 Ardor,

182 1848 389 1937 Affiduuique
411 1850 487 1922 Geli
506 1847 594 1919 casus
619 1848 813 1918 mortalibus
832 1845 945 1917 aufert.

221 1940 325 2025 Quod
347 1936 489 2026 superest
508 1937 602 2023 arvi,
627 1954 737 2007 tamen
756 1934 791 2005 id
811 1938 940 2009 Natura
958 1930 1066 2007 suavi

182 2027 333 2102 Sentibus
352 2028 514 2112 obducat,
538 2027 576 2097 ni
596 2027 648 2097 vis
666 2027 823 2097 Humana
842 2023 984 2105 resistat,

167 2117 267 2188 'Vitat
287 2112 378 2186 eausa
397 2116 507 2186 valido
526 2111 680 2185 consueta
698 2114 826 2184 bidenti

176 2206 369 2294 ingemere,
395 2207 565 2275 &terrani
583 2200 693 2290 preliis
714 2200 918 2291 proscindere
940 2203 1066 2275 aratris.

179 2296 298 2367 Sinon
316 2290 483 2364 ioec'undas
504 2310 669 2364 vertentes
691 2316 825 2363 vornere
852 2292 981 2379 glebas,

175 2383 356 2469 Terra'ique
374 2380 482 2468 solunt
499 2378 684 2469 subigentes
706 2383 809 2452 cintus
828 2383 869 2451 ad
888 2400 1001 2451 ortust
1033 2445 1036 2450 .

176 2474 301 2561 Sponte
319 2468 374 2542 sua
395 2490 559 2558 nequeant
578 2471 714 2557 liquidas
734 2469 869 2540 exiliere
889 2472 925 2540 in
945 2492 1050 2540 auras.

219 2564 263 2635 Et
282 2583 395 2633 tamen
416 2560 581 2631 interdum
595 2584 714 2647 niagno
736 2557 868 2647 quaesita
884 2558 1016 2644 labore,

175 2651 263 2724 Crini
279 2652 346 2738 jain
363 2672 421 2735 per
440 2667 539 2737 terras
559 2647 741 2734 frondent,
767 2671 864 2734 atque
887 2649 999 2717 omnia
1020 2645 1155 2729 florent3
1232 2663 1303 2740 215

174 2743 242 2813 Aut
262 2738 375 2809 nimiis
397 2755 498 2809 torret
519 2735 706 2808 fervoribus
727 2736 879 2807 aetherius
893 2737 974 2822 Sol,

171 2830 241 2904 dut
258 2826 359 2899 subiti
373 2829 539 2916 perimunt
556 2818 703 2911 imbies,
728 2825 903 2914 gelidaeque
914 2826 1063 2914 pruinae,
1172 2912 1210 2988 Η
1230 2915 1252 2988 b

1212 2941 1230 2988 a
1253 2940 1303 2989 ra·

187 3115 274 3169 Ιι9ς.
296 3098 436 3171 Genitor.)
456 3102 534 3158 codd.
556 3103 663 3169 aeritur,
674 3102 730 3157 Nee
760 3097 876 3157 timidis
905 3100 987 3158 sita&
1002 3110 1108 3164 ornata;
1128 3104 1214 3167 Quieti
1227 3113 1304 3173 atque

172 3172 273 3297 &iiim
285 3173 390 3241 quidem
405 3170 458 3225 haec
470 3188 522 3226 vox
541 3172 642 3226 Gerulur
655 3173 730 3226 Lam·
761 3171 849 3292 bfibuls'
904 3174 972 3225 mani
981 3174 1081 3238 generis
1093 3175 1261 3238 accommoda,
1275 3176 1302 3228 dt

786 3256 849 3292 eoei
870 3257 908 3291 na.
1296 3251 1301 3261 ·

214 3312 277 3373 196.
296 3307 564 3378 Quodfi‚y'umrerum,
585 3305 658 3376 dte.)
685 3308 730 3361 Se·
796 3256 981 3373 wagsividum
1001 3304 1123 3374 portem.)
1158 3303 1301 3373 Magnam,

178 3384 318 3447 quantur,
342 3394 368 3430 v.
382 3389 423 3442 27.
444 3385 595 3444 argumenta
613 3373 731 3429 &vitiosa
762 3376 912 3444 ingentem,
942 3375 1114 3441 interpretes,
1135 3374 1218 3438 Quia,
1247 3371 1302 3496 vxi

173 3446 259 3511 hujus
294 3444 392 3498 Mundi
430 3445 611 3499 constitutione
637 3445 728 3505 dutia3
762 3446 837 3497 nvidi
856 3457 947 3511 magna
971 3445 1056 3495 omnia
1081 3441 1237 3506 tleiitlerant,

173 3513 229 3578 Qui
249 3529 282 3581 pe
320 3513 502 3580 Sapientiffirni
529 3511 641 3566 nrtilicis
665 3529 729 3579 opus
761 3514 820 3580 quia
836 3512 910 3567 nvidi
926 3520 1046 3578 occupata
1065 3510 1117 3569 est3
1154 3508 1303 3574 Quisrferet

174 3580 218 3636 fni
241 3578 431 3647 etabsolutum,
447 3582 642 3635 nonhorridum
652 3580 730 3634 Mon·
761 3580 837 3634 haee'i
870 3582 995 3643 Avidam,
1016 3579 1151 3641 bibulam,
1170 3579 1300 3645 Nardius,

171 3645 277 3715 tibus,
292 3649 399 3719 Sylvis,
419 3649 576 3715 Paludibus‚
597 3653 647 3703 &e
668 3649 730 3703 aliae
760 3661 820 3701 narn
842 3650 927 3705 Terra
948 3648 983 3702 est
1001 3646 1123 3700 Humoris
1144 3646 1300 3702 avialiffimaz

176 3727 268 3786 partes
277 3734 330 3771 non
338 3720 452 3786 rigerent
463 3728 586 3785 perpetuo
596 3718 666 3785 gelu,
685 3735 730 3771 ne·
761 3713 861 3784 inepti.
897 3716 953 3771 Nee
973 3715 1050 3783 porro
1066 3716 1222 3784 interpretes
1238 3733 1302 3785 pra·

171 3802 226 3910 M?
255 3785 320 3840 alias
346 3788 421 3841 nimii
448 3787 551 3840 Calores
579 3796 726 3841 torrerent:
758 3786 882 3851 tendant,

215 3855 277 3920 inde
293 3855 394 3923 Fruges
411 3854 498 3922 potius
519 3856 595 3923 quim
618 3856 725 3921 spinas,
798 3851 1025 3921 'avidocomplexu
1035 3870 1104 3921 quem
1120 3862 1182 3906 tenet
1194 3854 1299 3917 AEther,

170 3922 289 3987 Stntes,
312 3924 729 3991 drcaeterainutiliaproilueerete
760 3918 807 3977 lib.
816 3921 851 3975 11.
868 3937 894 3976 v.
907 3929 981 3987 1065.
998 3939 1050 3974 non
1063 3923 1163 3976 attinet.
1200 3918 1300 3976 Melius

169 3988 244 4046 Derai
262 4008 296 4045 ue
324 3991 406 4046 nullis
447 3992 549 4046 rotellis
570 4003 727 4054 vexaretur,
760 3991 841 4058 igitur
851 4007 911 4045 cnm
927 3991 999 4057 vulg.
1019 3990 1044 4043 le
1077 4000 1119 4045 tur
1138 3989 1238 4051 aliam,
1257 3987 1301 4043 sed

170 4074 228 4118 non
238 4008 322 4115 aieret
340 4058 420 4114 Feras
429 4009 549 4140 bumana
559 4061 654 4114 Generi
664 4057 730 4114 infe·
759 4060 845 4125 potius
863 4058 998 4113 Habitant:
1034 4008 1124 4127 dique
1149 4055 1301 4112 insolentiis

168 4119 240 4194 stan,
266 4146 349 4197 neque
370 4130 438 4183 varii
450 4129 540 4185 Morbi
556 4131 640 4183 varias
661 4129 729 4183 anni
760 4128 860 4181 Montes
869 4127 985 4193 habitant,
1005 4126 1081 4194 quim
1094 4129 1172 4195 Sylva
1180 4128 1301 4194 poffirlerlt

168 4191 340 4268 tempestates
364 4194 548 4268 sequerentur,
576 4200 602 4268 dr
626 4196 729 4251 Funera
795 4202 853 4249 206.
877 4195 968 4263 Gen.)
1002 4194 1108 4252 Veteres
1129 4191 1188 4251 'um
1203 4195 1299 4262 Gelu.

168 4266 370 4334 praecipitarent
386 4282 393 4319 τ
414 4265 559 4321 Sedomnia
573 4263 730 4334 futffentop·
759 4261 836 4341 quiqu
848 4263 915 4344 Ualgi.
