3150 4967
241 467 326 552 258·
565 449 662 533 ¹T.
699 449 1008 536 LU-CRETII
1070 457 1075 464 “
1149 521 1154 527 .

245 618 391 695 Craffius
409 617 474 691 hoc
491 642 613 707 porro,
637 619 795 708 quoniam
820 624 1004 695 concretius
1024 643 1127 710 aequo

243 712 413 790 Mittitur3
437 729 496 780 aut
513 726 585 781 saon
602 727 672 781 tam
688 712 818 798 prolixo
842 711 994 799 provolat
1011 711 1102 798 istu,

205 826 210 836 ¹
244 802 315 883 Isut
334 817 501 886 penetrare
520 800 610 870 locos
629 801 722 886 aeque
739 800 875 887 nequir;
899 821 958 871 aut
976 816 1209 889 penetratum,
1286 855 1289 860 -

244 889 341 977 ngre}
358 886 551 959 admiscetur
572 889 726 959 muliebri
745 889 877 962 Semine
896 892 1025 961 Semen.
1271 957 1274 961 .
1294 904 1378 982 1240

291 978 382 1051 Nam
402 980 546 1049 multum
563 976 747 1051 harmoniae
761 978 800 1049 V
801 978 906 1050 erretis
926 972 1058 1049 differre
1075 976 1244 1052 videntur.
1278 1022 1282 1028 ·

245 1069 353 1153 litque
373 1068 451 1137 alias
471 1068 526 1136 alii
548 1091 622 1138 com
646 1068 714 1139 lent
735 1067 861 1156 magis,
886 1091 929 1137 ex
949 1065 1082 1155 aliisque
1317 1073 1320 1078 '

246 1155 433 1243 Suscipiunt
455 1157 525 1226 aliae
543 1091 674 1243 ponrfus
694 1158 817 1244 magis,
842 1156 942 1243 inque
967 1153 1169 1245 gravescunt.

245 1247 290 1319 Et
309 1247 422 1315 rraultae
441 1244 560 1316 steriles
584 1246 778 1333 Hymenaeis
800 1244 876 1317 ante
894 1242 1044 1329 fuerunt,

246 1335 421 1420 Pluribus,
451 1338 605 1406 &nassae
627 1334 700 1422 post
718 1333 795 1406 sunt
816 1354 948 1419 tamen,
972 1334 1063 1405 unde
1082 1332 1213 1423 puellos
1292 1346 1377 1426 1245
1416 1393 1418 1416 ,

247 1421 437 1511 Suscipere,
463 1426 608 1510 &partu
627 1422 752 1510 possent
770 1420 924 1494 ditescere
946 1423 1059 1494 dulcit
1094 1477 1099 1496 ,
1416 1437 1418 1448 “

246 1514 310 1596 Et,
339 1513 457 1599 quibus
474 1512 549 1583 ante
568 1514 659 1582 domi
681 1511 845 1585 foecundae
862 1508 946 1600 saepe
964 1508 1146 1600 nequissent

247 1604 380 1674 Uxores
403 1624 534 1688 parere,
562 1600 697 1673 inventa
716 1601 754 1673 'st
769 1602 834 1673 illis
852 1624 983 1689 quoque
1003 1624 1136 1691 compar

247 1691 401 1775 Natura,
425 1707 465 1761 ut
483 1688 607 1777 possent
623 1692 708 1763 natis
730 1692 861 1763 munire
878 1688 1048 1761 senesiam.

247 1777 359 1865 Usque
380 1780 461 1849 adeo
480 1780 590 1867 magni
609 1777 729 1862 refert,
754 1800 794 1851 ut
816 1779 946 1853 Semina
967 1776 1087 1867 polfmt
1223 1810 1226 1815 ’
1294 1791 1373 1871 taso

249 1868 437 1941 Seminibus
458 1866 660 1940 commisceri
679 1870 864 1957 genitaliter
882 1886 987 1955 apta,
1190 1907 1201 1942 s

249 1954 423 2043 Crassaque
441 1959 640 2029 conveniant
659 1960 811 2045 liquidis,
838 1960 870 2028 &
890 1956 1013 2045 liquida
1031 1951 1159 2043 cassas,
1180 1974 1183 1981 '

196 2047 199 2054 '
250 2048 337 2132 Qua
357 2047 437 2132 quoi
458 2048 566 2118 'uncta
586 2048 660 2117 viro
680 2046 720 2118 fit
741 2044 878 2119 foemina
896 2069 954 2133 per
972 2046 1113 2118 Veneris
1129 2069 1195 2119 tes.

294 2138 402 2221 Atque
423 2070 505 2205 arico
522 2133 641 2222 refert,
666 2160 733 2224 quo
754 2137 845 2207 visin
866 2137 935 2205 vita
960 2136 1094 2207 colatur.
1145 2222 1153 2239 ι

212 2299 214 2306 ,
248 2224 404 2312 Namque
425 2225 495 2295 aliis
518 2224 616 2296 rebus
639 2222 849 2297 concrescunt
866 2224 997 2298 Semina
1014 2224 1195 2311 membris,
1292 2234 1372 2312 1255

249 2315 358 2399 Atque
376 2315 452 2383 aliis
472 2330 711 2400 extenuantur,
735 2314 915 2399 tabentque
936 2310 1083 2383 vicissim.
1238 2387 1241 2392 ,
1306 2341 1308 2345 ⁴
1368 2334 1370 2338 ·
1416 2375 1418 2382 Α

249 2404 293 2475 Et
313 2403 432 2490 quibus
451 2399 516 2490 ipsa
538 2403 645 2474 modis
668 2406 823 2475 trasletur
851 2402 970 2473 blanda
990 2402 1177 2488 Voluptas,
1415 2420 1418 2428 ⁴

249 2491 288 2562 Id
312 2507 442 2579 quoque
462 2495 629 2581 permagni
648 2490 764 2564 refert:
792 2493 884 2565 Nam
908 2515 999 2561 more
1019 2492 1198 2577 Ferarum,
1217 2512 1224 2525 ·

251 2581 579 2669 Qradrupedumque
600 2583 704 2669 magis
736 2583 825 2674 ritu,
850 2582 1042 2668 plerumque
1064 2596 1225 2665 puaurtur
1416 2643 1418 2670 ς

251 2672 432 2756 Concipere
452 2673 602 2755 Uxores,
627 2672 702 2755 quia
719 2668 763 2741 fio
779 2672 850 2741 loca
868 2668 993 2740 sumere
1015 2666 1145 2757 possunt
1295 2678 1374 2745 1260
1415 2688 1418 2738 ῑ

250 2758 441 2829 Pesloribus
459 2755 591 2844 pofrtis,
616 2757 748 2829 sublatis
776 2761 905 2832 Semina
927 2758 1059 2828 lumbis.
1415 2774 1418 2850 ξ

250 2846 326 2917 Nee
351 2846 466 2915 molles
486 2849 562 2931 opu'
586 2844 662 2917 sunt
679 2866 791 2919 motus
813 2845 981 2920 Uxoribus
1000 2845 1116 2918 hilum.
1161 2875 1166 2886 ·
1245 2886 1262 2900 -ι
1364 2902 1367 2909 .
1416 2863 1418 2871 ”

249 2934 482 3003 Nam'Mulier
501 2932 653 3020 prohibet
670 2932 702 3005 se
723 2937 911 3024 concipere,
937 2956 1034 3022 atque
1059 2950 1244 3024 repugnat,

251 3020 417 3092 Clunibus
432 3019 498 3110 ipsa
518 3023 584 3093 viri
600 3024 766 3097 Venerem
788 3024 814 3097 fi
832 3026 904 3097 laeta
921 3028 1095 3097 retraslet:

1182 3164 1186 3168 ·
1270 3133 1373 3222 Atque
1415 3117 1418 3214 ξ

287 3318 363 3369 ¹²40·
385 3304 491 3365 Locos.)
522 3304 665 3373 Siersw,
685 3308 753 3375 apud
763 3305 799 3362 A·
810 3314 819 3432 1
832 3307 1000 3377 attingenda:
1023 3306 1091 3362 suri
1108 3309 1195 3377 itaque
1205 3307 1338 3367 Donatum
1346 3309 1376 3365 as
1398 3299 1401 3304 ’

252 3372 337 3444 eistat..
347 3374 476 3428 Hirtam.
488 3375 533 3431 lib.
544 3375 604 3440 VII.
614 3392 669 3443 cap.
682 3388 705 3441 3.
726 3376 798 3441 Cice·
831 3374 989 3430 Eunuchum
1009 3375 1146 3441 Terentii,
1176 3379 1236 3432 aa.
1252 3393 1277 3448 3.
1298 3382 1338 3435 Sc.
1351 3396 1370 3433 1.

252 3457 281 3494 ro
292 3446 355 3494 item
366 3442 514 3516 simpliciter
524 3445 617 3514 Locos.
636 3445 727 3510 Varro,
750 3445 798 3499 Ia·
832 3445 877 3499 ubi
891 3447 959 3499 inter
980 3453 1069 3498 catera
1084 3447 1137 3499 hac
1148 3444 1254 3502 scribit:
1285 3449 1374 3517 Aperte
1416 3490 1418 3518 ,

250 3514 431 3566 tervuanense
591 3515 594 3522 “
701 3523 703 3527 ·
780 3519 783 3525 ’
832 3529 893 3580 ergo
914 3511 953 3567 sui
971 3515 1117 3567 meretrices
1135 3516 1220 3567 Scorto
1237 3517 1372 3581 dicuntur,
1417 3557 1418 3584 ,

289 3585 363 3647 1242.
385 3580 524 3632 ssarmoniae
539 3580 672 3647 Wnnu.)
698 3580 799 3635 lntelli-
832 3582 876 3635 vel
887 3582 938 3643 ἐπὶ
957 3588 991 3641 es
1007 3591 1135 3654 σκαίρειν,
1153 3584 1319 3651 quoaeraece
1330 3586 1375 3652 pal·

254 3663 286 3716 ge
297 3649 495 3712 temperamenti
507 3651 721 3703 convenientiam.
829 3654 908 3718 pirare
919 3650 1093 3717 intelligitur,
1119 3653 1187 3771 quod
1209 3652 1263 3707 111ae
1282 3653 1375 3708 faciant
1417 3649 1418 3702 i

291 3724 363 3778 1248.
384 3716 541 3782 frenanda.)
584 3718 718 3772 Facunda
737 3718 799 3773 lieet
834 3716 947 3771 saltando
956 3716 1069 3782 assidui,
1087 3735 1121 3785 ae
1142 3720 1231 3787 potius
1245 3722 1374 3793 ursario,
1417 3743 1418 3764 r

207 3798 226 3825 x
254 3781 313 3847 sint,
335 3786 360 3837 ἃ
375 3783 425 3835 alio
436 3782 557 3837 virolieri
568 3784 662 3851 posbnt
677 3772 800 3854 graebra·
832 3786 1062 3851 utLucretiusait,
1081 3787 1128 3841 lib.
1146 3788 1192 3850 lv.
1213 3790 1375 3845 obeamcta·

267 3862 363 3916 '¹253·
389 3852 493 3918 Liquirle
504 3855 588 3916 crrffls.
604 3854 616 3919 )
635 3855 706 3907 Huic
714 3854 799 3909 versari
833 3852 902 3920 fam,
921 3864 951 3909 ut
961 3856 1151 3909 concinniorem
1164 3855 1298 3913 Venerem
1309 3858 1376 3913 exbi-

253 3918 550 3988 subjungittambinus,
572 3924 598 3977 &
611 3922 679 3977 rests
696 3925 800 3992 quidem
833 3923 909 3978 beant
918 3925 991 3990 viris,
1003 3926 1028 3979 ἃ
1038 3924 1085 3977 sibi
1094 3926 1198 3993 abigant
1206 3937 1359 3997 conceptum
1366 3923 1381 3979 ε’

250 3985 359 4042 uCotltl.
833 3991 894 4059 Lag.
908 3993 1002 4060 igitur,
1027 3991 1124 4063 Criffirns
1140 3996 1191 4061 ipfia
1209 3999 1280 4049 viri:
1299 3995 1379 4051 nuti·

252 4083 262 4094 ·
304 4058 433 4125 ,Quae‘qnoi
439 4056 525 4119 ,iurrssa
536 4058 629 4127 virosis
638 4059 745 4113 Furrina
757 4073 801 4129 per
832 4062 883 4113 tari
893 4064 963 4114 enim
978 4078 1030 4114 non
1041 4062 1121 4128 potest
1133 4063 1196 4130 quin
1206 4065 1279 4119 huuc
1287 4059 1381 4120 Latre'

253 4147 260 4161 ·
358 4126 506 4179 Veneriam.
797 4149 801 4154 ·
833 4130 864 4182 tii
878 4130 962 4183 locum
971 4130 1124 4183 anteoculos
1134 4130 1241 4188 haberet
1252 4133 1374 4197 Donatus,

269 4223 274 4234 ·
291 4198 366 4258 resp
389 4195 502 4246 caetibus
512 4195 592 4263 ἱρή.)
607 4195 659 4250 Res
669 4196 800 4264 turpicula
834 4196 991 4253 cumcaetera
1008 4215 1062 4268 quae
1069 4198 1169 4268 profert
1185 4199 1374 4272 bsclegaatur:

257 4261 310 4328 est,
334 4265 419 4331 inquit
432 4264 525 4329 Faber,
545 4272 621 4336 atque
639 4267 700 4320 adeo
712 4268 800 4335 paucis
832 4264 888 4321 Ut:

587 4366 595 4376 ·
1309 4341 1376 4397 Nam
