3150 4967
254 465 324 536 302
573 459 575 464 ’
622 443 667 523 Τ.
695 442 996 524 LUCRETII

252 605 531 681 Consettabantur
549 603 715 698 sylvestria
733 605 824 681 saecla
848 611 1021 696 Ferarum,

250 697 429 771 Milsrlibus
448 697 561 784 saxis,
588 703 620 771 &
639 724 760 787 magno
777 700 922 787 pondere
945 701 1058 784 clavae,

251 790 425 874 Multaque
450 790 658 872 vincebant,
684 789 835 859 vitabant
857 813 958 877 pauca
978 785 1131 860 latebris:
1237 815 1240 820 ·

252 875 465 964 Setigensque
486 902 578 966 pares
600 878 719 950 Suibus
740 876 907 966 sylvestria
926 877 1074 948 membra

250 967 352 1041 Nuda
372 968 493 1037 dabant
518 988 611 1037 terrae
635 971 801 1039 nocturno
821 983 966 1053 tempore
988 967 1086 1054 capti,

251 1057 385 1127 Circum
408 1055 440 1125 le
465 1054 551 1126 loliis
577 1081 614 1125 ac
636 1053 810 1126 frondibus
829 1056 1048 1127 involventes.
1226 1050 1232 1064 '
1311 1075 1363 1146 970

250 1148 325 1218 Nec
345 1148 496 1233 plangore
517 1147 603 1215 diem
627 1169 768 1232 magno,
797 1145 969 1232 Solemque
986 1167 1044 1232 per
1064 1167 1165 1232 agros

251 1236 455 1319 Quaerebant
474 1235 604 1320 pavidi,
629 1236 773 1320 palantes
796 1235 902 1304 nortis
922 1234 958 1303 iu
978 1233 1129 1304 umbris:

252 1325 314 1395 Sed
336 1324 423 1393 taciti
443 1319 663 1408 respectabant
717 1317 898 1408 somnoque
927 1320 1063 1410 sepulti,
1167 1357 1170 1362 ·

252 1415 343 1483 Dum
362 1411 450 1482 rosea
471 1409 538 1481 sace
561 1414 617 1484 Sol
637 1374 771 1483 inserret
789 1413 916 1481 lumina
934 1412 1026 1486 coelo„

250 1502 406 1589 Aparvis
427 1500 516 1587 quod
536 1502 624 1571 enim
645 1497 840 1572 consuerant
860 1524 990 1572 cernere
1007 1496 1134 1587 semper
1243 1543 1246 1548 ·
1309 1515 1362 1592 975
1404 1539 1408 1580 ς

250 1592 385 1662 Alterno
406 1590 582 1677 tenebraS,
618 1593 651 1662 &
673 1592 780 1662 lucem
802 1606 951 1675 tempore
970 1591 1070 1678 gigni,

251 1682 333 1752 Non
357 1701 450 1764 erat,
476 1703 514 1750 ut
532 1678 605 1751 fieri
627 1678 748 1766 pollet,
774 1680 921 1748 mirarier
940 1703 1101 1765 unquam,
1209 1704 1213 1718 ·

250 1771 324 1841 Nec
343 1765 513 1856 diffidere,
546 1793 589 1840 ne
608 1770 866 1858 Tertonspeterrra
888 1786 1015 1838 teneret

249 1860 352 1943 Nox,
378 1860 626 1945 inperpetuum
645 1859 789 1928 detratto
808 1857 933 1927 lumine
958 1857 1053 1929 Solis.
1081 1881 1083 1886 ·

297 1948 359 2018 Sed
379 1950 481 2035 magis
501 1948 580 2018 illud
602 1967 670 2018 erat
688 1971 773 2018 curae
784 1997 796 2032 ,
821 1945 910 2034 quod
928 1943 1018 2016 saecla
1037 1946 1196 2020 Ferarum
1242 1981 1245 1988 ·
1308 1957 1365 2036 980

249 2033 402 2107 Infestam
423 2034 548 2108 miseris
567 2034 727 2107 faciebant
745 2034 829 2123 saepe
849 2038 1014 2122 quietem:
1035 2105 1039 2112 ,

250 2125 418 2209 Electique
438 2126 538 2195 domo
554 2123 728 2212 ¹fugiebant
753 2122 848 2196 saxea
866 2128 950 2195 tedia

251 2213 385 2299 Setigeri
407 2215 481 2284 Suis
503 2213 671 2299 adventu,
698 2213 862 2300 validique
881 2211 1014 2299 Leonis,

250 2309 357 2388 Atque
376 2301 566 2387 intempesta
587 2303 746 2374 cedebant
763 2307 859 2384 noete
877 2320 1033 2389 paventes
1086 2371 1089 2376 ,
1311 2369 1314 2374 ,

249 2388 444 2477 Hospitibus
465 2389 558 2463 saevis
579 2391 713 2463 instrata
737 2389 857 2462 cubilia
880 2390 1007 2461 lionde.
1176 2453 1181 2465 .
1312 2401 1367 2480 985

296 2484 368 2552 Nec
388 2482 493 2550 nimio
513 2503 586 2552 tum
599 2483 694 2568 plus,
720 2504 821 2569 quam
839 2504 950 2565 nunc,
977 2477 1127 2551 mortalia
1144 2473 1240 2552 saecla

250 2572 369 2641 Dulcia
390 2570 580 2656 linquebant
600 2570 738 2643 labentis
758 2571 885 2643 lumina
904 2571 991 2639 vitae.

249 2662 346 2731 Unus
368 2662 456 2732 enim
477 2678 550 2727 tum
570 2652 703 2744 quisque
723 2661 827 2746 magis
846 2655 1021 2745 deprensus
1042 2676 1158 2746 eorum

248 2749 370 2825 Pabula
389 2749 466 2817 viva
486 2747 562 2817 seris
583 2748 749 2833 praebebat
768 2748 921 2819 dentibus
940 2745 1095 2819 haustust

1339 2833 1372 2910 Et

250 3038 311 3092 quas
319 3018 391 3077 inscii
404 3022 537 3091 legerant:
556 3017 597 3078 Ne
607 3020 670 3079 verb
681 3023 738 3093 quis
749 3034 797 3092 pu·
831 3021 926 3078 tionem
939 3017 1108 3092 sequebatur,
1129 3016 1193 3077 dum
1203 3023 1231 3079 id
1242 3021 1370 3090 scribebat)

249 3102 287 3147 tet
300 3101 338 3146 tot
349 3095 421 3146 malis
432 3094 553 3147 obrutum
564 3091 638 3147 fuiffe
647 3102 730 3148 totum
740 3093 797 3146 Hu-
830 3109 930 3159 genus,
953 3092 1073 3154 Hercule,
1094 3087 1305 3149 mirificiffimum
1317 3103 1369 3156 eru,

249 3178 352 3215 manum
365 3180 467 3230 genus,
496 3160 563 3216 &ad
575 3163 709 3216 interitum
724 3162 796 3214 reda·
829 3162 922 3228 quippe
943 3155 987 3228 qui
1012 3162 1040 3214 in
1060 3157 1182 3230 ,soporem
1206 3164 1283 3228 dati,
1308 3163 1370 3218 aliter

249 3233 337 3294 tram,
359 3230 498 3285 consuleret
509 3230 586 3283 Feras
603 3240 661 3284 tum
673 3229 794 3296 Singulos
828 3228 904 3294 lou-qe
923 3226 974 3283 suis
992 3228 1073 3282 oculis
1093 3227 1237 3284 utebantur
1255 3269 1264 3295 ,
1291 3249 1319 3287 ac
1335 3238 1371 3285 not

248 3299 374 3362 lacerasse,
395 3302 478 3353 noxiis
498 3299 590 3351 Herbis
610 3306 655 3352 aut
671 3294 795 3351 Alimenti
828 3299 903 3350 hodie
922 3300 1041 3352 utimurr
1067 3297 1122 3350 Nos
1146 3299 1219 3350 eninr
1238 3301 1285 3354 ubi
1306 3295 1371 3356 semel

248 3371 334 3434 inopia
344 3386 436 3435 paucos
448 3366 547 3435 periilse
559 3385 567 3427 3
588 3366 622 3419 At
632 3375 693 3434 quot
707 3366 795 3418 Millia
829 3368 951 3431 coepimus
962 3363 1105 3418 obdormire
1117 3402 1126 3427 ,
1146 3366 1185 3417 nil
1194 3369 1280 3421 oeulis
1292 3377 1372 3437 prater

249 3439 315 3501 rapit
327 3454 378 3489 una
389 3437 480 3500 Acies,
501 3444 563 3504 quot
581 3432 696 3487 absorbet
705 3429 794 3497 Mare,
830 3435 953 3487 Somnum
974 3431 1148 3488 &insomnia
1172 3436 1304 3490 videmur.
1337 3427 1373 3490 llll
1401 3435 1408 3470 '³

249 3513 311 3570 quot
321 3506 429 3571 denique
446 3506 575 3558 Luxuries
587 3510 694 3567 enecat,
714 3505 740 3557 d:
750 3520 795 3556 ve·
829 3498 915 3555 somno
924 3499 1024 3569 gravati
1038 3504 1063 3555 dt
1078 3499 1186 3569 oppreffi
1206 3504 1332 3574 perpetui
1345 3519 1374 3558 u·

248 3572 461 3626 nenataPoculal
482 3574 513 3625 V.
528 3587 568 3636 29.
822 3570 978 3638 spetlabant,
999 3566 1208 3636 reflexoeapitd,
1232 3575 1286 3627 viz.
1299 3573 1373 3630 Solent
1405 3639 1408 3644 .

282 3661 341 3717 967.
365 3653 481 3707 Wtabarzt
496 3651 701 3773 puucalatebriri?
726 3651 796 3706 Rari>
829 3640 964 3700 ⁰fie-fltem·
1002 3639 1090 3692 scribe
1109 3640 1201 3705 igitur,
1260 3681 1265 3688 ·

247 3719 399 3791 fugiebant,
421 3725 446 3776 &
463 3723 618 3777 latebrarum
628 3738 678 3789 pra

248 3792 359 3845 ticulum
383 3791 507 3844 vitabant.
545 3789 685 3843 Lurnlrimu.
731 3788 796 3844 Utra
830 3784 864 3838 At
882 3801 934 3837 non
952 3786 1033 3853 magis
1050 3791 1191 3854 expetant,
1213 3787 1292 3857 quam
1310 3789 1375 3910 ns:

247 3860 426 3927 interpretatio
454 3860 545 3914 melior
563 3856 615 3924 fit,
643 3857 735 3912 Lettor
751 3861 795 3923 ju·
830 3853 894 3905 trau
907 3854 1082 3908 *ἶῡῐῐῐῑὶθῦῑθῦῖ
1101 3854 1316 3926 Mallemisssturn

247 3931 322 3983 dicet.
694 3958 696 3963 .
824 3922 979 3989 stepinabunt.
1304 3943 1308 3948 ·

282 4005 340 4059 968.
362 3991 524 4066 »Sylveslriaff
543 3992 719 4062 &luntrium
750 3994 796 4048 Gi·
834 4045 837 4050 ,
864 3999 924 4072 287·
945 3987 1158 4044 &lenteamine
1171 3981 1261 4062 vita.)
1289 3991 1327 4048 Ut
1343 3955 1393 4044 sn·

247 4060 342 4213 hisi]
362 4146 407 4200 aa
426 4140 696 4211 raaarespenam.)
714 4143 797 4197 eamr
831 4074 960 4168 prs--
977 4121 1101 4195 Pudenti
1113 4127 1228 4194 zangar,
1239 4127 1304 4182 vita·

247 4213 288 4270 illi
308 4215 453 4277 Homines,
480 4230 543 4283 quos
568 4211 715 4275 Horatius,
743 4232 796 4265 πηι-
832 4213 930 4269 maen
939 4212 1042 4272 Mureti
1051 4215 1205 4272 emendatio.
1226 4215 1307 4272 eoae
1333 4207 1376 4269 aa·

247 4293 298 4340 tum
308 4284 343 4351 {a
350 4295 418 4353 turpe
424 4296 497 4354 pecua
512 4279 621 4352 (quippe
632 4280 739 4349 Epicuri
755 4297 797 4336 ra·
835 4287 928 4338 inurat.

700 3722 741 3774 dio
752 3738 795 3787 pe.
862 3744 942 3757 ·--
960 3713 1271 3838 Settaeitiexpettabant.
1291 3715 1367 3776 rua.
1405 3721 1408 3802 1
