3150 4967
741 391 1024 558 meree

242 667 325 723 rum
331 639 668 720 sanriliaritatensus
683 696 695 729 ,
710 640 833 719 multis
848 641 941 718 curis
958 638 1153 765 multoque
1161 639 1278 719 studio
1291 638 1384 722 adeb

245 744 482 822 emendatum
495 742 608 818 edidit
620 749 818 828 lucretiam,
846 740 1016 818 utnullus
1036 740 1109 817 sere
1123 738 1318 832 Poetarum
1328 745 1385 818 in-

245 848 404 942 tegrior:
432 840 534 919 Alter
550 844 601 917 ita
611 838 777 939 expressit
790 848 963 936 Epicurum,
989 855 1120 917 utnon
1130 844 1243 939 magis
1253 840 1384 940 imago

246 945 399 1038 saciem3
428 936 627 1041 nfiqucd,
655 954 707 1017 ut:
721 937 909 1036 'aniclura
929 939 1145 1041 plerumque
1167 939 1229 1029 fit,
1257 938 1386 1019 Hicsrt

247 1039 700 1142 nonparumelegantior3
730 1040 840 1139 &qui
853 1037 1000 1116 Horum
1010 1040 1123 1116 studia
1136 1038 1386 1140 apteoonjun·

246 1147 363 1230 uerit,
395 1139 546 1215 lllemihi
558 1140 699 1216 videtur
707 1147 845 1213 Lucretii
861 1141 1022 1237 optimus
1038 1138 1229 1238 interpres.

294 1240 338 1320 Id
349 1239 503 1317 tandem
512 1252 663 1316 conatus
675 1239 725 1313 est
740 1238 795 1329 (n)
806 1245 918 1331 Fayur,
946 1236 1053 1340 siquis
1067 1239 1156 1316 alius
1175 1238 1262 1317 huic
1279 1242 1385 1341 operi

248 1337 530 1443 quammaxime
546 1338 759 1431 inidoneus3
786 1351 894 1437 atque
916 1338 964 1414 ita
983 1338 1155 1438 perfecit,
1183 1354 1227 1417 ut
1239 1339 1274 1416 se
1291 1351 1385 1415 mm

246 1443 310 1516 birri
322 1441 360 1515 &
374 1436 519 1535 Gaffindi
529 1436 659 1536 scripta
670 1461 859 1537 nunquam
871 1435 991 1535 legisse
1010 1436 1152 1517 abunde
1167 1439 1384 1518 demonstra·

247 1543 346 1617 verit.
409 1546 572 1616 Variormn
586 1539 728 1613 ecdicum
739 1539 906 1623 aemilium,
936 1536 981 1627 Qu?
995 1546 1384 1615 carmenomnuoarnen·

246 1639 507 1715 &mendicatum
532 1639 584 1728 (o)
608 1636 729 1733 jaslat,
758 1632 844 1712 clun
862 1636 1035 1714 sexcentis
1056 1637 1231 1740 exemplis
1255 1641 1385 1717 confir·

248 1734 502 1838 marepolsum
510 1736 623 1814 Istum
643 1739 706 1812 uni
719 1734 855 1822 Pareo,
883 1732 1037 1813 Homini
1047 1738 1272 1827 furfuraceo,
1300 1739 1386 1816 side-

247 1863 304 1917 re:
334 1836 490 1915 Barbara
504 1838 802 1933 interpretatione
822 1837 1005 1912 incestavit
1023 1835 1280 1915 Latinissrmum
1294 1837 1385 1917 Po'e‘·

246 1953 346 2025 tam,
378 1961 510 2038 easque
519 1949 623 2013 notas
635 1935 787 2031 adjecit,
817 1959 896 2035 quae
907 1934 1171 2035 Philosophum
1179 1938 1315 2015 faciunt
1324 1938 1385 2015 sae-

247 2036 520 2138 peabsurdunr,
552 2032 705 2133 seipsum
717 2034 855 2133 semper
863 2034 1066 2111 ridiculum.
1120 2036 1190 2114 Sed
1202 2039 1266 2116 iste
1278 2037 1383 2139 Bipes

247 2136 432 2225 ellexillo
442 2133 637 2212 hominum
646 2158 796 2232 genere,
821 2138 885 2234 qui
896 2136 976 2234 post
986 2135 1213 2234 depravatam
1222 2136 1384 2237 Religio-

248 2261 350 2324 nem,
385 2236 426 2311 &
440 2248 631 2333 corruptos
644 2237 764 2310 bonos
777 2232 925 2321 Mores,
953 2237 992 2311 in
1005 2233 1140 2312 Literas
1152 2236 1382 2316 humaniores

246 2336 434 2422 involant,
465 2330 667 2410 &maxime
677 2346 809 2432 agunt,
837 2349 879 2410 ut
898 2358 966 2408 nec
986 2332 1064 2421 Pii,
1091 2360 1160 2412 nec
1172 2334 1285 2424 Boni,
1313 2362 1383 2417 nec

247 2433 397 2513 Literati
418 2430 591 2534 possimus
612 2430 702 2521 esse:
729 2432 856 2533 Siquid
869 2432 1023 2532 asperius
1036 2434 1211 2521 dixerint,
1244 2437 1282 2512 id
1303 2461 1382 2513 non

248 2537 333 2612 meis
345 2535 537 2621 moribus,
565 2531 623 2617 sed
634 2531 783 2607 illorum
799 2531 1017 2620 insolentiae,
1072 2537 1108 2609 ui
1121 2535 1239 2611 bonos
1253 2536 1383 2612 autho-

248 2658 301 2710 res
314 2634 455 2711 violant
465 2632 634 2725 ascribas,
662 2629 972 2719 nbstilenitatenr,
1000 2643 1036 2707 at
1044 2557 1151 2710 llulta
1166 2636 1215 2711 est
1227 2635 1382 2711 clemen-

248 2734 406 2811 tiaduris
415 2735 534 2809 verbis
543 2756 706 2833 parcere,
736 2728 964 2808 clumistisrnt
973 2735 1091 2806 meriti
1106 2733 1271 2810 duriora:
1299 2732 1379 2833 Ego

274 2834 397 2911 uidem
408 2857 503 2933 opus
519 2830 538 2909 a
552 2838 629 2923 Fayo
642 2832 864 2916 institutum,
894 2829 1019 2905 meinis
1038 2830 1147 2930 quiin
1167 2832 1244 2932 lpse
1257 2839 1381 2932 potuit

247 2856 272 3019 ἕ
275 2932 427 3031 indulge
451 2931 540 3007 mihi
560 2932 662 3005 islarn
680 2933 941 3028 arrogantiam,
970 2930 1060 3005 nihil
1086 2933 1183 3007 enim
1207 2934 1379 3012 humilius

247 3033 316 3110 dici
340 3032 490 3132 potest)
516 3029 672 3107 absolvi:
703 3031 862 3113 Lambini,
893 3031 1012 3123 Gifarrii
1024 3087 1033 3115 ,
1073 3031 1177 3119 Voffr'i,
1219 3036 1374 3120 Salurnis,

249 3140 426 3219 Gronovii,
458 3133 569 3217 Fabri,
597 3128 765 3206 Aliorum
795 3124 1091 3215 Observationes,
1120 3130 1375 3225 conjecturis,

245 3230 585 3332 Interpretationes,
622 3224 899 3305 Emendationes
931 3228 1081 3326 collegi,
1115 3228 1255 3326 dig‘effi3
1297 3256 1378 3309 non

245 3347 365 3408 tamen
374 3326 467 3408 adeo
482 3327 634 3427 probavi
643 3330 786 3413 omnia,
817 3351 895 3426 quae
914 3333 1035 3425 magni
1045 3328 1096 3402 illi
1108 3333 1173 3403 viri
1184 3331 1373 3419 dixerunt,

244 3446 285 3508 ut
300 3454 494 3530 nunquam
516 3451 602 3503 meo
618 3428 754 3511 ,animo
778 3425 968 3503 obsecutus
981 3428 1129 3502 luerim:
1159 3420 1274 3521 Quod
1289 3430 1375 3510 verb

245 3529 406 3627 Grrffmmu
420 3544 611 3627 utramque
620 3524 694 3602 sere
703 3528 871 3625 paginam
880 3527 982 3612 facit,
1010 3527 1048 3601 id
1067 3529 1215 3628 quidem
1229 3545 1377 3607 conten-

245 3630 291 3708 do
307 3628 405 3707 reste
426 3628 648 3711 institutum,
679 3627 716 3701 &
739 3640 874 3723 negent
896 3628 971 3711 isti,
1002 3630 1064 3726 qui
1088 3628 1201 3715 inihi,
1231 3628 1377 3732 aliisque

245 3738 379 3905 hircanii
398 3728 591 3804 lesloribus
614 3725 776 3801 invident
797 3742 870 3802 tam
890 3726 1056 3814 doslunr,
1085 3742 1159 3802 tam
1173 3729 1377 3825 elegantem

285 3847 318 3905 te
366 3843 492 3906 retem.
673 3836 677 3845 '

290 3855 385 4027 Ἐιῐιὲἰ
406 3942 550 4010 tamen,
586 3922 762 4024 quantlun
780 3928 906 4022 potui,
936 3924 1267 4004 Grammaticorum
1290 3955 1376 4005 con·

248 4033 449 4115 tortiones,
479 4025 523 4101 de
533 4023 683 4111 Literis,
712 4023 935 4125 Vocurnque
945 4029 1127 4125 apicibus,
1156 4025 1313 4105 srrnodb
1324 4032 1376 4103 in-

1068 4166 1071 4170 ·
1273 4142 1375 4224 tegra

285 4276 330 4356 (n)
350 4275 451 4339 Editor
461 4272 712 4339 lucretiiinusum
721 4274 867 4356 Delphini.
930 4267 975 4355 (o)
995 4268 1077 4339 Pras.
