3150 4967
274 338 346 411 300
645 316 691 398 T.
717 313 1020 408 LUCRETII

270 486 316 557 Et
338 482 491 555 manibus
513 498 625 555 totum
643 482 766 556 circum
785 479 817 554 se
840 500 968 560 vertere
987 481 1118 555 coelutn.

271 575 363 648 Num
382 573 474 660 quod
493 574 595 645 multa
611 570 703 644 fuere
722 574 871 645 interris
893 570 1017 646 semina
1036 593 1160 666 rerum,

272 664 439 747 Tempore
461 686 527 750 quo
548 663 691 750 primum
712 663 827 736 Tellus
844 663 1005 742 Animalia
1022 659 1127 734 fudite
1341 673 1405 763 915·

271 753 333 824 Nil
355 772 465 822 tamen
488 750 533 822 ell
558 749 671 840 figni,
696 751 805 831 mistas
828 750 962 839 potuisse
982 752 1082 828 creari

271 842 363 913 Inter
385 838 417 911 se
440 841 578 929 pecudes
599 892 610 927 ,
635 845 866 929 compactaque
888 841 1037 917 membra
1059 840 1296 922 animantum:

268 931 446 1017 Propterea
466 932 540 1017 quia
559 954 632 1017 quae
651 930 692 1005 de
712 931 807 1002 terris
825 954 915 1004 nunc
932 954 1064 1019 quoque
1086 928 1261 1011 abundant

271 1019 461 1094 Herbarum
480 1040 621 1107 genera,
645 1044 684 1095 ac
699 1021 845 1108 Fruges,
871 1019 1077 1108 Arbustaque
1096 1019 1181 1101 laeta,

272 1109 355 1181 Non
377 1128 487 1182 tamen
507 1111 593 1182 inter
614 1106 645 1181 se
667 1107 788 1197 poffiut
805 1110 975 1196 complexa
998 1109 1110 1182 creari.
1302 1171 1305 1177 .
1338 1125 1402 1208 920

271 1199 339 1271 Res
360 1196 404 1270 fic
430 1220 567 1286 quaeque
586 1196 646 1271 suo
665 1199 732 1272 ritu
749 1200 896 1287 procedit
917 1226 926 1268 ε
954 1202 1119 1272 &omnes

271 1287 407 1362 Foedere
426 1307 552 1362 naturae
581 1308 670 1362 certo
692 1285 877 1364 discrimina
899 1285 1041 1364 servant

317 1378 359 1448 Er
375 1401 480 1466 genus
498 1376 684 1450 humanum
705 1379 814 1450 multi)
834 1376 901 1452 fuit
918 1377 999 1449 illud
1020 1378 1058 1449 in
1079 1374 1168 1449 arvis

271 1466 423 1552 Durius,
448 1486 488 1539 ut
509 1467 640 1554 decuit,
664 1469 778 1543 Tellus
797 1468 887 1558 quod
906 1468 987 1539 dura
1005 1463 1152 1542 'creirlsett

271 1556 314 1629 Et
331 1557 511 1643 majoribus
536 1553 696 1633 &solidis
716 1559 819 1646 magis
840 1554 963 1629 offibus
982 1556 1073 1631 intirs

271 1645 483 1733 Fundatum,
510 1646 672 1721 &validis
691 1667 805 1734 aprum
826 1671 883 1735 per
903 1643 1025 1720 viscera
1041 1643 1175 1727 nervis3

165 1761 173 1788 2
271 1736 347 1809 Nec
369 1734 461 1810 facile
480 1761 522 1807 ex
541 1736 649 1817 aestu,
679 1760 741 1808 uec
760 1734 882 1825 frigore
903 1736 992 1825 quod
1010 1752 1202 1826 capereturt

185 3868 188 3875 .
267 3827 353 3873 autem
374 3818 455 3883 Agros
473 3816 572 3870 coluit:
594 3818 642 3872 Sed
660 3818 813 3878 Glandibus,

271 1825 1022 1906 meffimffiwmffl

271 1914 445 2003 Multaque
466 1917 664 2002 pertulum
686 1916 770 1990 Solis
791 1851 960 1989 voiventia
980 1912 1080 1987 lustra

271 2001 456 2091 Volgivago
475 2007 579 2077 vitam
601 2005 782 2080 tractabant
801 2029 893 2078 more
914 2004 1067 2077 ferarum.
1086 2025 1089 2029 ·

270 2092 345 2163 Nee
366 2091 518 2167 robustus
540 2113 608 2169 erat
626 2096 717 2167 curvi
738 2096 932 2167 Moderator
950 2095 1050 2171 aratri

255 2178 479 2272 Qril'quam,
505 2207 566 2257 nec
591 2181 692 2258 scibat
712 2181 799 2257 ferro
824 2184 970 2258 molirier
988 2207 1087 2265 atvar

271 2270 344 2344 Nec
365 2296 452 2344 nova
473 2269 623 2344 defodere
638 2274 674 2345 in
692 2290 813 2347 terram
837 2274 1003 2362 virgulta,
1031 2267 1188 2349 nectitis

270 2360 453 2452 Arboribus
475 2381 600 2434 veteres
622 2363 769 2437 decidere
788 2359 918 2437 falcibu’
943 2385 1063 2436 ramos.
1381 2450 1386 2457 ,
1411 2435 1412 2439 ,

271 2450 375 2539 Qrod
396 2453 471 2534 Sol,
496 2472 593 2538 atque
610 2453 737 2525 Imbres
754 2452 929 2536 dederant,
955 2451 1044 2542 quod
1065 2450 1170 2527 Terra
1182 2453 1309 2526 adrat
1337 2457 1389 2541 935
1413 2458 1420 2500 ‘2

271 2538 498 2628 sportella,
535 2540 608 2613 l'atis
627 2541 662 2614 id
681 2541 828 2628 placabat
844 2545 974 2629 potiora
991 2540 1120 2613 donum
1128 2567 1140 2622 ς
1415 2547 1420 2586 ³

272 2626 476 2701 Glandiferas
505 2631 592 2701 inter
617 2630 776 2703 curabant
795 2655 930 2718 corpora
951 2653 1091 2717 quercus

270 2719 486 2805 Plerumque,
513 2722 544 2788 dr
567 2744 640 2807 quae
659 2744 750 2791 nunc
768 2720 907 2792 hiberno
928 2737 1076 2807 tempore
1105 2717 1214 2795 centis

269 2807 396 2880 Arbuta
419 2808 571 2880 Poeniceo
592 2807 663 2879 fieri
684 2828 813 2880 matura
839 2810 958 2892 colore,

269 2898 415 2970 Plurima
436 2913 510 2970 tum
531 2899 643 2973 Tellus
662 2900 763 2973 etiarn
786 2900 912 2994 majora
931 2896 1076 2974 ferebat:

194 3203 196 3207 ’
303 3212 361 3265 923.
392 3198 427 3251 Er
448 3196 714 3261 smaelitarum,
736 3196 816 3265 dee.)
842 3196 1018 3267 'Frigorisque
1043 3197 1099 3252 vim
1118 3193 1289 3258 defendebant
1310 3191 1398 3263 Sylva,

268 3267 411 3322 Hominum
441 3264 556 3322 &Terra
579 3276 699 3322 natorum
717 3266 814 3332 Vitam,
855 3267 983 3329 Fruticts,
1005 3266 1140 3326 annea,
1158 3281 1186 3318 v.
1202 3279 1226 3329 5.
1259 3261 1399 3340 'Nullane-

269 3335 413 3393 Habitum.
433 3334 588 3404 Ingenium,
608 3337 697 3392 Mores
708 3333 763 3390 fuse
774 3337 817 3390 de·
874 3354 916 3391 es:
937 3334 1041 3390 nullum
1051 3351 1187 3388 commuue
1196 3332 1317 3387 lionam:
1335 3331 1401 3384 vire·

267 3403 371 3467 scribit,
393 3405 513 3471 &primii
523 3407 646 3473 quidem,
665 3422 690 3458 v.
711 3420 751 3458 20.
773 3406 817 3458 do·
856 3354 1008 3473 Ianirapro,
1029 3400 1317 3473 &promiscuaVenere
1331 3398 1400 3477 (nan

268 3482 309 3530 cet
326 3475 421 3539 primos
438 3474 563 3528 Homirtes
581 3474 719 3535 validiori,
739 3471 816 3543 quim
856 3476 902 3538 vl,
930 3472 1082 3537 blanditiis,
1112 3479 1157 3526 aut
1172 3474 1266 3538 pretio.
1305 3466 1404 3523 Glandi-

268 3559 355 3604 uunc,
383 3541 518 3596 eonstitille
543 3560 585 3596 cor
604 3560 663 3607 ore,
692 3542 724 3595 ob
743 3544 816 3596 inna·
856 3543 930 3605 bus,
959 3543 1011 3594 viz.
1038 3540 1136 3609 Pyris‚
1177 3535 1298 3592 Potnilve
1322 3536 1404 3591 Mam

267 3618 321 3667 tam
331 3611 470 3674 duritiem,
492 3628 567 3679 quam
584 3561 603 3665 i
607 3613 670 3668 dura
680 3610 764 3666 Terra
773 3628 816 3677 ge·
855 3609 901 3666 fibi
911 3610 1038 3666 Foeminas
1051 3608 1238 3675 conciliarunt)
1255 3605 1399 3664 utebatur.

267 3682 316 3736 niti
336 3688 535 3742 contraxerant,
552 3680 612 3734 imle
633 3678 718 3735 minus
737 3679 816 3733 obno-
855 3677 956 3739 veris.
1302 3703 1306 3708 ·

266 3751 305 3805 xii
317 3748 512 3810 mamistram,
537 3749 563 3801 rb
576 3749 693 3816 longavi.
731 3748 814 3802 Nemo
888 3787 948 3841 928·
972 3772 1058 3847 Labi.)
1078 3774 1165 3834 Labe:
1185 3721 1325 3839 sicanii,
1338 3739 1420 3831 rau,

266 3885 560 3955 PomisSylvesttibus,
583 3881 813 3951 &iliisejulmoui
855 3847 915 3916 lgm·
927 3884 935 3913 ⁸
955 3847 1005 3902 &⁰⁶
1055 3852 1057 3856 v
1241 3938 1258 3953 ..
1352 3927 1356 3934 .
1393 3879 1409 3922 θ

266 3954 394 4010 frudihus
405 3954 537 4021 placabant
546 3954 656 4010 famem:
678 3956 715 4010 Aa
727 3953 814 4011 ledan·
888 3951 948 4006 930.
988 3936 1175 4035 (maulim)
1204 3936 1278 4007 Alfi,
1316 3937 1401 3993 ΝΜ·

267 4026 324 4078 dam
334 4024 399 4079 sitim
411 4024 486 4078 fluvii
499 4021 633 4091 fontesque
642 4022 686 4078 luo
699 4040 815 4077 murmu-
854 4011 920 4064 bani·
1387 4083 1391 4095 .

265 4093 457 4156 revocabant,
478 4109 503 4145 v.
521 4101 545 4151 8.
582 4092 662 4146 Nulla
675 4093 728 4145 illis
740 4092 815 4146 vesti·
889 4106 949 4160 932.
970 4089 1112 4161 Molirier.)
1143 4083 1400 4161 Aliis‚nor1tilplr

266 4171 370 4229 menta,
400 4162 477 4216 nulle
500 4163 609 4227 domus,
638 4160 814 4217 Proeellarum
856 4169 915 4229 cet,
934 4162 1072 4217 Mollirirr.
