3150 4967
1047 435 2004 551 'ARGUMENTUM.
2491 489 2635 549 2oe

330 641 446 710 uia
471 645 638 730 qaae
669 635 764 708 ad
781 632 980 710 Visus
1021 662 1138 709 cau
1161 663 1232 708 as
1253 636 1529 728 speft'ant
1544 687 1566 721 ,
1616 641 1920 729 variaque
1955 634 2031 705 de
2063 630 2231 706 Visu
2253 634 2647 730 problemata

623 733 714 813 ‘t‚
765 751 896 818 quac
941 728 1062 797 rite*
1127 725 1284 797 olvit
1328 723 1418 810 δέ)
1470 726 1774 819 explicat,
1842 727 1883 794 ἁ
1925 752 1991 795 v.
2036 747 2191 812 217.
2240 726 2329 794 ad
2374 753 2441 796 v.
2482 748 2648 816 471.

341 823 452 896 1⁷1
495 869 516 886 .
579 821 702 890 Ne
720 817 868 887 vero
885 815 1104 910 aliquis
1125 842 1200 886 ex
1217 815 1608 910 problematis
1640 813 1814 886 modo*
1836 814 2147 908 explicatis
2170 812 2379 903 sensus
2384 816 2648 906 fallaciae

339 919 610 1000 arguat
633 955 657 986 ,
703 905 952 976 ilorum
975 905 1340 998 dignitatem
1356 905 1583 998 copiose'
1600 902 1866 997 adstruit
1891 955 1915 990 ‚
1957 907 1997 972 ei
2016 931 2079 972 v.
2106 923 2258 991 471.
2284 903 2373 973 ad
2389 931 2456 974 v.
2488 923 2638 992 524.

357 1003 444 1066 Et
469 987 756 1084 subinde
789 995 1112 1080 Scepticos
1134 1044 1157 1080 ‚
1198 994 1502 1088 praecipue'
1539 995 1581 1062 ti
1618 1020 1683 1062 v.
1726 1014 1880 1082 471.
1926 993 2013 1063 ad
2043 1020 2107 1061 v.
2163 1012 2317 1080 479.
2371 993 2648 1086 refutat.-

361 1079 458 1172 ἓξ
479 1081 969 1176 demumafferit
985 1108 1220 1154 omnem
1253 1088 1586 1156 Veritatem
1653 1080 2042 1170 deisenfitum
2064 1088 2269 1152 inniti.
2341 1087 2513 1155 VIII.
2532 1085 2650 1153 His

367 1179 464 1246 ita
483 1171 566 1244 de
593 1169 766 1244 Visu
787 1173 1098 1276 disputatis
1119 1222 1142 1258 ,
1192 1189 1432 1243 caeteros
1453 1171 1563 1259 Jen
1589 1196 1663 1241 us
1680 1171 2045 1264 aggreditur
2064 1223 2086 1258 ,
2138 1196 2210 1241 ac
2222 1173 2507 1264 primitm
2539 1170 2649 1242 do-

373 1280 466 1336 cet
475 1263 748 1332 Vocem
767 1288 841 1332 ac
857 1265 1092 1333 ionum
1115 1281 1437 1354 corporeas
1454 1257 1557 1353 effe
1582 1269 1877 1354 Imagines
1900 1312 1922 1346 ‚
1984 1287 2113 1354 quae
2150 1286 2364 1330 aurem
2400 1267 2652 1354 pariter

367 1353 618 1448 feriant
643 1349 752 1436 Ἐξ
790 1350 1076 1422 auditum
1099 1352 1359 1443 faciant
1375 1401 1398 1436 ,
1465 1357 1521 1425 V
1515 1351 1630 1420 ocis
1665 1365 1963 1420 naturam
2011 1369 2197 1443 atque
2214 1350 2651 1443 formaturam

387 1442 670 1536 explicat.
781 1447 914 1520 Cur
939 1439 1146 1511 eadem
1170 1437 1696 1544 voxpercipiatur
1717 1443 1757 1510 ci
1774 1440 1979 1510 multis
1993 1491 2017 1527 ‚
2067 1439 2371 1511 rationem
2394 1439 2602 1510 reddit
2620 1465 2647 1520 ,-

389 1529 655 1690 ssuidsit
674 1527 856 1602 Echo
879 1581 902 1617 ,
952 1529 1251 1621 quomodo
1266 1541 1385 1624 fiat
1403 1579 1426 1615 ,
1475 1533 1514 1598 zi
1535 1556 1598 1598 v.
1634 1548 1776 1618 524.
1808 1530 1895 1600 ad
1915 1557 1977 1599 v.
2010 1543 2161 1616 619.
2240 1536 2357 1600 IX.
2418 1527 2656 1599 Deinde

495 1622 744 1706 Sapore
763 1670 785 1704 ‚
840 1615 929 1704 ἓξ
981 1617 1239 1703 Gustu,
1299 1618 1375 1689 de
1398 1620 1632 1691 Odore
1651 1671 1675 1706 ‚
1746 1617 1834 1704 &²
1888 1617 2157 1692 olfactu
2201 1618 2411 1695 docet3
2477 1615 2658 1711 Quid

391 1727 596 1802 nempe
608 1705 698 1796 fit
720 1711 922 1796 Sapor
939 1760 961 1793 ,
1082 1707 1175 1778 tid
1196 1707 1390 1779 Odor
1410 1760 1430 1790 ,
1485 1705 1574 1792 ’ἐξ
1594 1735 1708 1779 cur
1730 1734 1853 1780 non
1880 1709 1959 1778 ab
1985 1708 2261 1779 omnibus
2265 1706 2643 1796 sentiantur.

407 1803 532 1872 Cur
553 1799 766 1872 Cibus
789 1798 950 1868 idem
969 1824 1009 1867 a
1033 1800 1102 1868 iis
1119 1796 1308 1868 dulcis
1333 1848 1354 1882 ,
1405 1798 1562 1868 Aliis
1605 1823 1859 1868 amarus
1888 1801 2046 1889 fiat3
2110 1804 2239 1870 Cur
2263 1794 2457 1867 Odor
2496 1796 2658 1867 alius

393 1887 522 1960 clit'c
539 1885 636 1978 fit
671 1888 866 1982 magis
900 1905 1085 1982 aptus
1101 1937 1125 1974 ‚
1181 1884 1270 1972 ἓξ
1291 1888 1450 1958 Vox
1477 1886 1609 1957 aliis
1646 1905 1951 1956 terrorem
1990 1893 2254 1956 incutiat
2272 1935 2294 1970 ‚
2428 1912 2472 1955 ae
2505 1887 2659 1957 alios

383 1977 558 2068 juvet
577 2027 605 2064 ‚
637 1975 862 2066 saltem
885 2001 1008 2047 non
1031 1981 1270 2047 terreat
1290 2026 1314 2062 ‚
1364 1980 1403 2045 ti
1434 2003 1496 2045 v.
1526 1987 1678 2060 619.
1724 1975 1811 2044 ad
1833 2003 1898 2045 v.
1928 1987 2075 2063 726.
2180 1981 2261 2046 X.
2362 2002 2392 2044 e
2424 1976 2660 2063 Imagi-

395 2067 662 2138 natione
689 2084 876 2158 atque
896 2068 1311 2154 Cogitatione
1358 2072 1490 2158 agit
1515 2115 1537 2149 ,
1590 2090 1740 2157 quas
1768 2083 1889 2158 per
1926 2063 2267 2153 tenuiffi'ma
2304 2090 2521 2136 rerum
2564 2067 2659 2138 Si-

397 2153 731 2228 mulachra
743 2155 856 2243 Jeu
876 2161 1168 2250 imagines
1188 2181 1317 2247 quae
1333 2161 1399 2224 in
1419 2173 1678 2224 mentem
1699 2160 2033 2225 incurrant
2050 2206 2071 2238 ,
2102 2158 2513 2262 fieripariter
2534 2161 2651 2243 ait,

395 2243 528 2316 inde
567 2252 760 2314 varia
810 2245 886 2315 de
927 2245 1393 2338 cogitationibus
1440 2243 1829 2337 problemata
1873 2252 2171 2338 proponit
2208 2243 2298 2330 59³
2342 2245 2607 2342 explicat
2627 2295 2654 2330 ‚

413 2339 532 2408 eur
556 2385 582 2420 ‚
631 2361 699 2404 v.
731 2357 800 2426 g.
851 2333 1180 2405 videanmr
1197 2341 1264 2404 in
1287 2336 1518 2406 Somnis
1540 2333 1754 2404 videre
1769 2333 1920 2419 illos,
1944 2341 2051 2426 qui
2055 2336 2192 2421 jam
2215 2342 2450 2406 mortui
2464 2334 2614 2422 sunt
2636 2361 2658 2402 .·

415 2427 534 2496 eur
551 2422 960 2496 simulachra
985 2421 1314 2510 rerumjeu
1339 2430 1639 2526 Imagines
1657 2422 1994 2494 videantur
2034 2423 2199 2493 nobis
2233 2429 2475 2494 morari
2503 2422 2656 2492 dum

409 2519 732 2606 mgitanms
759 2539 848 2583 ea.
963 2519 1095 2586 Cur
1114 2512 1317 2602 subito
1345 2519 1593 2604 quilque
1632 2520 1862 2604 cogitat
1899 2539 2026 2605 quie
2047 2512 2317 2583 labuerit
2346 2542 2364 2579 .-
2426 2517 2555 2584 Cur
2591 2517 2661 2606 in

412 2603 952 2682 Samnis-emimus
972 2608 1251 2686 moveri,
1301 2604 1424 2670 av.
1460 2612 1608 2688 726.
1666 2602 1754 2671 ad
1791 2629 1856 2670 v.
1910 2616 2059 2685 820.
2162 2609 2278 2672 XI.
2331 2603 2369 2669 ἀ
2406 2627 2468 2669 v.
2502 2614 2654 2683 821.

405 2689 484 2762 ad
515 2719 581 2762 v.
609 2715 699 2778 90
745 2746 761 2760 .
831 2697 1027 2762 Docet
1079 2694 1397 2778 Linguam
1421 2741 1441 2775 ,
1497 2692 1751 2762 Oculos
1773 2742 1793 2774 ,
1845 2693 2051 2762 Aures
2069 2741 2093 2776 ,
2143 2693 2357 2763 Nares
2380 2740 2401 2774 ,
2456 2695 2663 2760 omnia

415 2779 652 2876 denique
655 2712 1014 2869 sgnscztiomk
1040 2790 1290 2873 Organa
1301 2782 1487 2873 prius
1509 2798 1662 2850 nata
1680 2777 1784 2873 effe
1802 2784 1989 2872 quam
2011 2806 2221 2851 eorum
2251 2778 2451 2868 ufiem,
2487 2777 2664 2868 secus·

416 2871 626 2942 wriin
649 2869 990 2966 artificiofis
1010 2870 1191 2942 rebus
1212 2896 1339 2962 quie
1366 2870 1641 2964 pendent
1662 2896 1736 2938 ex
1760 2870 2027 2962 praevisa
2049 2870 2386 2963 indigentia
2412 2898 2432 2938 .·
2502 2872 2657 2939 XII.

330 2969 337 3054 ξ
421 2961 778 3050 DeSomno
795 3010 818 3046 ,
869 2985 942 3030 ac
979 2957 1326 3030 Insomniis
1355 2966 1526 3051 agit,
1578 2964 1997 3051 imprimisque
2045 2959 2217 3031 docet
2260 2985 2384 3051 qua
2423 2966 2667 3030 ratione

330 3059 336 3110 ἱ
408 3049 510 3140 fiat
525 3053 784 3120 Somnus
804 3056 872 3118 in
892 3048 1105 3133 nobis,
1159 3044 1248 3131 ἓξ
1277 3055 1344 3117 in
1365 3049 1586 3118 coeteris
1603 3049 2078 3120 Animantibus:
2128 3055 2519 3121 Somniorum
2551 3073 2668 3117 va-

419 3143 528 3208 rias
543 3135 808 3232 ffgnat
832 3137 1064 3225 causas,
1094 3135 1181 3220 ’ἐξ
1204 3137 1446 3207 demum
1470 3136 1557 3206 ad
1581 3162 1677 3206 res
1713 3143 2004 3210 Venereas
2027 3138 2300 3230 delapsus
2330 3141 2369 3205 ἁ
2386 3158 2658 3234 v.‘105'0.

421 3225 578 3318 usque
602 3227 694 3298 ad
761 3252 898 3296 nem
928 3227 1072 3297 libri
1099 3227 1175 3295 de
1197 3229 1437 3297 Amore
1458 3278 1480 3312 ,
1535 3227 1883 3298 Sterilitate
1907 3278 1928 3312 ‚
1978 3228 2428 3299 Foecunditate
2451 3274 2472 3308 ‚
2516 3221 2655 3308 &a

420 3311 640 3387 liberias
690 3343 767 3389 or
791 3342 875 3387 an
901 3313 991 3400 ἓξ
1009 3317 1287 3409 apertius
1308 3319 1494 3408 quam
1514 3334 1649 3410 par
1667 3335 1805 3388 erat
1823 3369 1846 3404 ‚
1901 3315 2052 3407 (sed
2081 3310 2415 3408 Philosophi
2434 3322 2501 3385 in
2519 3310 2669 3385 hisce

419 3403 572 3478 rebus
577 3405 642 3496 s
674 3406 989 3492 imaxime'
1013 3404 1387 3502 indulgent)
1436 3405 1725 3499 disputat.

2282 4295 2697 4406 Taua-
