3150 4967
256 491 328 566 322
629 465 675 548 T.
702 461 1007 550 LUCRETII

252 637 405 723 Auxilia,
436 629 595 709 &socios
616 635 686 728 jam
746 637 801 710 tto
816 633 941 708 foedere
961 634 1152 710 habebantt
1321 649 1328 662 “

253 727 468 802 Carminibus
491 726 567 798 crim
587 749 640 798 res
661 729 713 816 gel
749 751 765 798 s
786 731 912 816 coepere
930 727 1040 798 Poetae

253 817 419 891 Tradere:
445 840 506 889 nec
526 817 636 890 multo
655 816 740 923 prilt’
761 813 839 890 sunt
859 816 1030 888 Elementa
1048 821 1204 903 reperta*
1229 861 1237 880 κ
1406 865 1418 902 =

254 908 320 980 Pro
343 924 431 978 terea
449 907 531 994 quid
551 903 593 979 sit
637 907 705 980 ruis
727 909 841 978 adium
865 902 1022 994 respicere
1043 923 1127 979 aetus
1306 913 1375 1000 1445
1412 935 1418 945 ·

252 931 532 1101 Noliranequit,
557 931 704 1102 nitique
727 997 812 1068 ratio
832 993 967 1084 vestigia
992 993 1165 1102 monstrat.
1412 1029 1416 1036 ·

300 1087 466 1174 Navigia,
492 1104 589 1173 atque
610 1087 689 1175 Agri
712 1087 879 1172 culturas,
903 1087 1056 1171 Moenia,
1082 1085 1209 1174 Leges,

252 1177 374 1256 Arma,
400 1177 505 1261 Vias,
529 1173 680 1261 Vesteis,
708 1179 739 1246 ἃ
766 1193 880 1248 caetera
903 1174 944 1246 de
966 1197 1084 1264 genere
1103 1171 1252 1262 horum,

252 1266 418 1351 Praemia,
443 1265 573 1336 delicias
594 1287 726 1353 quoque
744 1266 822 1336 vitae
845 1263 995 1336 funditus
1019 1263 1174 1352 omneis,
1334 1329 1339 1337 .
1410 1285 1418 1332 3

254 1356 437 1440 Carmina,
461 1356 630 1440 Pinuras,
657 1353 835 1426 &daedala
855 1351 943 1441 figna
968 1353 1097 1440 polire,
1306 1365 1377 1442 1450
1410 1374 1418 1398 r

252 1442 363 1530 Usus,
390 1447 423 1515 &
444 1444 592 1532 impigrae
609 1440 708 1515 simul
727 1442 936 1531 Experientia
955 1443 1077 1516 mentis
1414 1491 1418 1507 =

252 1533 428 1606 Paullatim
445 1533 559 1604 docuit
584 1534 786 1620 pedetentim
803 1530 1067 1621 progredientes.-

253 1625 307 1696 Sic
325 1647 433 1695 unum
457 1623 613 1710 quicquid
632 1623 800 1711 paullatim
823 1619 986 1711 protrahit
1005 1637 1086 1694 aetae

253 1713 294 1784 ln
314 1712 483 1799 medium,
508 1712 656 1800 ratioque
678 1714 715 1782 in
741 1713 876 1784 luminis
898 1711 984 1784 eruit
1008 1735 1094 1784 oras.
1187 1785 1193 1804 ,

252 1801 410 1889 Namque
428 1801 494 1873 alid
514 1827 555 1874 ex
574 1803 639 1874 alio
659 1799 829 1873 clarescere
848 1801 947 1874 corde
968 1798 1124 1874 videmus
1310 1810 1389 1892 1455*
1411 1835 1416 1844 ·

253 1892 411 1981 Artibus,
436 1891 478 1966 ad
496 1888 666 1965 summum
684 1891 792 1964 donec
808 1895 931 1963 venere
950 1913 1120 1964 cacumen.

253 2175 363 2232 Proteus
383 2174 477 2245 &ipse
493 2177 565 2234 Deus
581 2178 714 2244 marinus,
732 2183 811 2248 utpo-
843 2175 886 2233 dis
897 2177 992 2234 liceat:
1018 2175 1156 2234 Ianlim
1171 2177 1278 2236 invenit
1297 2179 1324 2234 in
1336 2177 1377 2247 qn

252 2247 333 2315 tequi
349 2247 448 2314 primus
461 2246 590 2316 navigille
603 2249 733 2308 creditnrt
755 2249 811 2302 Orae
842 2248 860 2303 b
890 2249 947 2302 dam
957 2247 1038 2302 cord.
1051 2249 1288 2316 moderemini,
1307 2246 1377 2305 &ili

252 2315 317 2370 uero
340 2316 444 2380 Protei,
464 2313 523 2371 leuat
542 2333 591 2370 ore
609 2317 637 2369 in
656 2317 750 2387 quibus
769 2332 810 2372 re-
843 2317 950 2371 voeibus
998 2317 1294 2386 oquiderncontentue.

253 2385 349 2454 gnabat
372 2384 500 2449 Proteus,
529 2386 556 2439 in
576 2385 669 2454 quibus
688 2384 809 2440 omnibus
879 2400 953 2451 1455.
1002 2383 1134 2456 dmm.)
1161 2385 1236 2454 elii,
1259 2385 1378 2444 Vidua:

252 2454 448 2521 navigationem
465 2452 706 2536 floruilieoffirmat.
745 2453 809 2519 Qui·
843 2451 973 2523 imperiti.

252 2522 301 2579 bus
323 2526 376 2578 herc
394 2524 516 2592 placent,
535 2523 594 2578 lllrs
608 2523 676 2577 nrlnl
694 2484 831 2592 unquami

252 3077 474 3458 ΘΗΜ
487 3099 537 3155 dv.
550 3107 593 3168 56.
606 3101 638 3155 ad
652 3117 679 3156 v.
689 3114 749 3167 417.
764 3101 811 3156 So·
845 3117 897 3155 noa
908 3099 984 3157 fuine
1000 3099 1115 3157 fadum:
1133 3101 1173 3158 lin
1192 3104 1216 3162 ‘t
1226 3107 1303 3164 euim
1316 3053 1392 3166 lle·¹
1406 3121 1410 3132 “

433 3174 496 3236 lem,
520 3170 642 3234 Terram,
665 3171 752 3235 Mare,
771 3179 811 3225 to-
845 3187 949 3238 parcum
969 3170 1104 3226 nimisseu
1114 3174 1170 3241 poti
1189 3189 1204 3227 s
1220 3175 1284 3232 Mal
1417 3227 1418 3232 ,

434 3252 487 3299 tam
507 3241 617 3310 denique
628 3240 724 3294 Mundi
740 3255 810 3292 com·
861 3241 889 3294 ui
914 3240 981 3293 nihil
999 3239 1078 3294 poliri
1102 3240 1192 3308 causa,
1224 3247 1317 3300 omnin
1416 3239 1418 3290 i

432 3309 626 3433 fagemnecab
642 3306 809 3362 aternofuis·
844 3255 882 3363 ini
899 3309 1068 3364 emolumenti
1094 3311 1195 3366 intuitu
1221 3321 1294 3384 agat.
1333 3315 1418 3380 Qua-r

434 3396 556 3503 illuri&
573 3378 808 3525 nstituit
844 3375 1418 3520 ltlthlntlrlaelzn‘tnll'·

252 3520 310 3572 dem
325 3521 376 3586 piis
396 3518 517 3573 omnibus
528 3518 554 3570 dr
569 3513 635 3568 sanis
646 3511 808 3590 philosophis
845 3516 944 3570 Deinde
961 3514 1082 3582 supponit
1101 3532 1207 3572 omnem
1222 3518 1278 3576 Dei
1290 3535 1393 3592 aquen

252 3604 411 3641 commune:
442 3584 517 3649 Quod
547 3583 609 3639 vero
625 3581 809 3637 verilrmilibur
844 3583 964 3638 Hominis
981 3585 1102 3638 notitiem
1122 3584 1333 3644 dsimulaelrrir
1355 3591 1392 3644 de·

253 3653 422 3724 quibusdam,
453 3654 523 3704 veris
542 3661 629 3706 autem
654 3651 745 3705 multis
764 3650 809 3705 fir·
876 3655 971 3714 odere3
991 3653 1096 3720 nequis
1112 3653 1163 3710 lste
1183 3655 1282 3713 Deus?
1301 3657 1392 3714 nonli-

252 3721 352 3792 miique
374 3721 520 3776 rationibus
534 3720 643 3786 probar3
662 3719 733 3773 Illud
749 3717 808 3774 land
853 3738 957 3790 equem
974 3723 1084 3789 percipit
1093 3721 1174 3777 Mens
1182 3725 1311 3793 humma,
1323 3741 1390 3798 quen

252 3792 377 3846 Lucretio
395 3789 530 3857 proprium
546 3787 670 3847 videturt
689 3785 810 3843 Necme-
842 3807 931 3844 omnes
958 3789 1055 3844 Gentes
1080 3789 1244 3860 agnoscunt,
1275 3799 1304 3852 dt
1322 3813 1392 3850 reue·

252 3861 318 3913 liora
333 3872 449 3926 unquam
469 3852 592 3922 (semper
612 3857 713 3923 excipio
726 3854 808 3911 sacras
842 3867 951 3913 rantur:
971 3857 1083 3912 Demum
1099 3861 1157 3928 quis
1173 3860 1245 3918 ferat
1253 3863 1333 3920 illum
1344 3863 1391 3918 eol

253 3925 409 4007 scripturas)
429 3931 580 4004 argumenta
588 3925 714 3979 invenies.
735 3924 810 3980 Ideo-
842 3944 905 3994 pas,
942 3937 1099 3991 urrunnu,
1122 3931 1222 3984 Mundi
1243 3947 1390 3988 enumeran-

254 3991 808 4130 rnnnnnnnnnusn
841 4005 917 4117 es
937 3992 1134 4120 eureus
1149 3997 1391 4126 tresenti

252 4126 365 4191 versus,
385 4130 437 4182 aiv.
461 4140 518 4191 157.
543 4128 575 4178 ad
591 4143 618 4180 v.
636 4137 694 4194 236.
715 4132 809 4198 quibus
842 4134 940 4187 recenti
956 4133 1076 4188 mundo?
1095 4135 1125 4188 ld
1139 4138 1247 4205 quidem
1257 4149 1337 4208 negat
1345 4135 1390 4208 iple

254 4198 376 4252 evincere
385 4204 493 4252 conatur
502 4195 634 4250 Mundum
645 4196 810 4255 huncilleo
842 4201 987 4265 Lueretius,
1007 4203 1115 4272 ideoque
1139 4203 1229 4275 inepte
1248 4207 1315 4264 facit
1335 4209 1389 4262 dun

1326 4277 1390 4332 labes
