3150 4967
496 435 642 510 344

493 784 826 860 Πρηςηρσις
871 763 1058 835 Graii
1079 787 1176 923 ἃ

493 863 577 935 ln
624 882 803 930 mare
844 877 974 940 qua
1007 876 1076 922 m
1153 878 1180 923 1

501 1846 733 1931 Qam
774 1841 928 1912 cum
975 1835 1272 1925 discidit,
1321 1836 1478 1910 hinc
1515 1840 1971 1927 prorumpitur
2012 1842 2085 1911 in
2128 1863 2311 1910 mare

501 1931 630 2004 Vis
677 1983 699 2016 ‚
755 1934 818 2002 &
855 1927 1189 2000 fervorem
1241 1929 1487 1999 mirum
1529 1930 1881 2001 concinnat
1918 1931 1992 2001 in
2028 1929 2253 2001 undis.

501 2019 981 2092 Versabundus
1023 2020 1201 2089 enim
1243 2017 1482 2090 Turbo
1527 2015 1899 2105 descendit,
1966 2021 2032 2090 &
2086 2017 2269 2090 illam

501 2111 793 2182 Deducit
837 2111 902 2179 ἃ
944 2109 1183 2194 pariter
1223 2108 1404 2179 lento
1442 2132 1599 2180 cum
1648 2132 1921 2197 corpore
1960 2108 2235 2180 nubem.

505 2203 733 2288 Quam
787 2195 981 2268 fimul
1021 2222 1097 2266 ac
1133 2197 1472 2284 gravidam
1514 2196 1791 2270 detrusit
1822 2199 1905 2269 ad
1943 2221 2211 2286 aequora
2250 2194 2487 2285 Ponti,

501 2290 621 2361 Ille
669 2290 739 2359 in
775 2310 1014 2374 aquam
1061 2283 1288 2358 subito
1330 2306 1552 2358 totum
1592 2284 1657 2358 se
1698 2288 2042 2369 immittit,
2096 2291 2160 2359 ἃ
2208 2310 2415 2360 omne

503 2380 768 2453 Excitat
807 2375 1063 2466 ingenti
1113 2372 1336 2447 sonitu
1374 2378 1568 2450 Mare
1609 2374 1863 2448 fervere
1908 2402 2177 2466 cogens·-

597 2470 704 2542 Fit
744 2490 1016 2555 quoque
1039 2516 1064 2553 ‚
1113 2487 1191 2539 ut
1228 2467 1536 2539 involvat
1577 2469 1764 2539 venti
1800 2464 1866 2538 se
1916 2467 2212 2539 nubibus
2249 2460 2387 2556 ipse

504 2864 594 2915 que
627 2848 768 2914 plus,
803 2842 1063 2909 Gifanius,
1104 2844 1189 2897 cui
1212 2859 1480 2913 nunquam
1500 2844 1642 2913 pla-,
1683 2844 1965 2899 Presteretn
1998 2844 2059 2898 ab
2099 2861 2151 2897 re
2187 2843 2219 2897 ἃ
2260 2843 2446 2899 Grac-nte
2476 2844 2765 2900 nominata.

507 2923 589 2970 cet
612 2912 789 2968 versus
811 2916 1030 2980 integer.

505 3036 732 3146 Fu4l2m²en
740 3022 1000 3157 ’ςέἑοέίέὶιξ
1004 3020 1434 3158 egststgicsdeexpl
1440 3091 1611 3154 icario,

506 3176 561 3214 v.
587 3175 670 3213 20.
747 3158 945 3213 Prester
974 3165 1146 3213 autem
1188 3160 1371 3214 Turbo
1401 3160 1618 3227 Igneus,

507 3226 810 3312 guioscilicet
833 3228 1034 3311 Ventus
1058 3230 1396 3311 circumactus
1419 3266 1435 3292 ‚
1486 3230 1538 3283 ἃ
1566 3225 1616 3282 se
1675 3256 1868 3312 bullire
1894 3257 2151 3313 videatur·

506 3316 564 3352 in
607 3296 711 3366 ipsa
757 3305 1014 3365 vertigine
1066 3306 1328 3352 concitans
1375 3296 1496 3350 cum
1532 3295 1614 3362 fit,
1641 3356 1644 3364 u

507 3367 548 3420 fi
579 3370 861 3434 pugnacior
910 3367 981 3421 est
1016 3370 1069 3423 ἃ
1110 3366 1306 3421 diutius
1348 3365 1619 3420 volutatur

504 3435 566 3487 in
601 3436 857 3488 flammam
908 3435 1031 3491 abit.
1126 3437 1181 3489 Si
1234 3442 1432 3490 ventus
1469 3436 1554 3490 hic
1592 3433 1618 3489 ὲ

509 3501 753 3556 Nubibus
788 3506 1053 3557 excutitur
1076 3543 1092 3566 ‚
1154 3507 1206 3560 δε
1246 3505 1384 3558 recto
1420 3507 1617 3574 impetu

507 3568 738 3633 feratur,
794 3579 912 3625 tum
961 3571 1022 3626 fit
1067 3574 1344 3635 Fulmen3
1411 3574 1465 3628 si
1507 3575 1623 3628 Nu-

508 3639 626 3693 bem
652 3675 668 3700 ‚
697 3655 805 3705 quae
828 3639 968 3692 lenta
1003 3641 1073 3695 est
1094 3681 1109 3698 .
1149 3660 1483 3710 perrumpere
1515 3660 1621 3696 non

510 3708 714 3780 valeat,
770 3704 854 3760 sed
889 3707 1123 3765 deorsum
1155 3715 1209 3766 in
1251 3712 1401 3766 Mare
1440 3719 1622 3766 exten-

511 3779 634 3840 dat,
684 3775 857 3843 ibique
896 3782 1380 3848 erumpens'rapida
1402 3781 1622 3847 vertigi-

510 3864 578 3900 ne
614 3846 786 3898 omnia
822 3851 1097 3911 torqueat,
1145 3857 1258 3903 tum
1303 3848 1364 3904 fit
1401 3849 1620 3914 Prestcr,

511 3916 734 3967 maxima
786 3912 1160 3980 Nax-ignatium
1204 3918 1364 3971 Pestis
1406 3936 1420 3971 z
1480 3918 1621 3981 Quo-

513 3983 650 4033 niam
691 3981 818 4035 vero
855 3984 918 4035 de
963 3982 1205 4039 Fulmine
1243 3984 1363 4041 satis
1396 3984 1619 4052 dixisset,

512 4052 616 4112 jam
657 4050 952 4104 Turbinem
1007 4051 1213 4106 tantum
1253 4055 1514 4123 explicat,
1570 4059 1623 4110 &

512 4117 644 4196 inde
686 4122 898 4183 conjicit
955 4118 982 4182 s
1003 4136 1268 4187 perperam
1328 4126 1382 4178 ni
1420 4123 1624 4192 fallor)

515 4184 798 4241 Gallendus
831 4227 848 4253 ‚
921 4188 1138 4258 Epicuri
1188 4192 1470 4247 Presterem
1522 4192 1622 4247 effe

512 4255 818 4325 Ecnephian
873 4275 977 4313 non
1023 4261 1232 4330 igneum
1263 4299 1281 4327 ,
1365 4266 1418 4318 ἃ
1476 4264 1624 4318 docet

1212 855 1485 924 veniant
1531 854 1791 925 ratione
1826 852 2125 943 superne.

491 951 680 1024 Nam
725 945 844 1029 fit,
895 963 973 1015 ut
1016 942 1355 1014 interdum
1396 963 1712 1031 tanquam
1756 942 2021 1036 demiss'a
2054 945 2373 1016 columna

493 1040 578 1112 In
628 1061 808 1108 mare
855 1031 936 1104 de
974 1033 1141 1104 coelo
1184 1030 1567 1120 descendat,
1642 1058 1841 1122 quam
1889 1036 1943 1107 F
1943 1051 2084 1106 reta
2132 1035 2395 1106 circum

495 1124 891 1202 Ferviscunt
935 1122 1218 1211 graviter
1257 1119 1659 1212 spirantibus
1713 1125 1909 1196 incita
1942 1123 2165 1196 flabris
2190 1150 2211 1192 ε

494 1220 583 1291 Et
627 1236 1035 1304 quaecunque
1074 1211 1148 1280 in
1189 1236 1270 1281 eo
1307 1229 1455 1283 tum
1498 1210 1653 1285 sunt
1692 1210 2001 1302 deprensa
2052 1211 2355 1309 tumultu

495 1306 785 1394 Navigia
805 1354 829 1389 ‚
880 1304 953 1373 in
1000 1297 1342 1371 summum
1378 1302 1665 1374 veniunt
1706 1319 1941 1374 vexata
1973 1303 2315 1391 periclum.

497 1397 654 1469 Hoc
688 1394 769 1466 fit
802 1444 825 1478 ‚
876 1391 992 1462 ubi
1051 1391 1390 1462 interdum
1431 1415 1571 1462 non
1614 1393 1760 1479 quit
1797 1394 1903 1464 vis
1946 1393 2147 1464 incita
2172 1388 2393 1462 Venti

496 1486 834 1571 Rumpere
862 1532 885 1567 ‚
936 1503 1136 1566 quam
1183 1482 1383 1569 coepit
1423 1481 1676 1552 nubem
1699 1509 1725 1563 ‚-
1771 1479 1881 1552 sed
1931 1480 2288 1571 deprimit,
2336 1494 2423 1553 ut
2462 1473 2543 1552 fit

498 1575 581 1646 In
623 1597 802 1644 mare
843 1572 923 1641 de
971 1570 1138 1639 coelo
1176 1588 1495 1658 tanquam
1536 1567 1798 1641 demiss'a
1840 1572 2171 1643 columna.

497 1663 846 1737 Paullatim
866 1710 891 1745 ‚
943 1656 1120 1746 quafi
1160 1659 1321 1746 quid
1361 1684 1588 1748 pugno
1611 1710 1635 1745 ‚
1684 1660 2067 1748 brachiique
2106 1657 2395 1749 superne

499 1754 829 1842 Conjectu
877 1750 1187 1821 trudatur
1223 1799 1244 1830 ‚
1314 1751 1378 1822 &
1423 1748 1814 1822 extendatur
1851 1751 1924 1821 in
1967 1750 2219 1822 undas:
2750 1747 2755 1764 '
2804 1767 2814 1796 τ

1362 3021 1445 3087 ‘st'
1480 3022 1616 3091 ἅθ’)
1680 3052 1831 3104 Mare
1861 3048 2143 3105 tumescere
2174 3048 2341 3117 ipsum
2362 3050 2547 3117 eogit3
2590 3046 2674 3103 seu
2686 3046 2769 3116 f*

1289 410 1378 490 T.
1435 373 2051 494 Lucam-11

489 579 849 658 Montibus
903 577 976 648 in
1019 571 1297 651 summis
1337 576 1613 670 vestigia
1652 579 1989 652 cernimus
2023 579 2265 744 lignis?
2688 579 2697 600 '

586 669 795 783 Qod
832 666 1160 755 superest,
1209 665 1396 742 facile
1435 667 1514 740 'st
1556 694 1641 742 ex
1676 668 1784 780 his
1809 694 2038 781 ‘cogno
2068 695 2215 744 cere
2248 668 2483 758 rebus,
2678 680 2685 688 '
2750 657 2784 745 l:
2825 711 2832 729 ·

1083 853 1098 868 ·
1147 787 1271 836 uos
1321 763 1404 834 ab
1449 787 1521 834 re
1569 772 2081 852 nomina-arunt,
2782 795 2786 804 ·

2354 1836 2569 1912 vene
2644 1845 2747 1928 435
2794 1801 2832 1903 iz

2656 2297 2765 2374 4⁴⁰

2508 2533 2763 2635 vortex,

1682 2917 1753 2969 ita
1794 2915 1893 2967 dici
1923 2931 2028 2967 non
2066 2912 2205 2981 quali
2234 2914 2622 2979 inflammantem
2652 2949 2669 2974 ‚
2704 2905 2768 2962 seu

1679 2981 2102 3037 tumefacientem
2122 3020 2139 3046 ‚
2186 2987 2445 3050 quatenus
2488 2977 2767 3034 incidentia

1680 3120 2018 3185 vefacientem,
2061 3116 2315 3188 quatenus
2332 3117 2545 3186 Aquam
2572 3115 2641 3171 fic
2668 3129 2771 3170 com·

1677 3195 1853 3242 movet
1873 3226 1891 3253 ‚
1934 3198 1995 3243 ut
2024 3186 2505 3254 velutifmilitere,
2555 3183 2643 3241 seu
2662 3177 2767 3254 qmfi
2800 3185 2805 3190 '

1746 3353 1867 3406 431.
1906 3339 2083 3410 ,Quam
2108 3340 2245 3407 cepit
2281 3337 2503 3391 Nubem.
2528 3337 2561 3405 )
2594 3331 2767 3392 Gallen-
2810 3391 2817 3408 Ι

1681 3409 1814 3474 dm,
1864 3409 1985 3478 ,ρικὶ
2033 3411 2205 3478 capit,
2264 3406 2341 3461 ita
2396 3406 2543 3498 enirn
2584 3401 2771 3474 postulat

1680 3475 1949 3533 sententia.

1749 3568 1869 3622 438.
1931 3557 2081 3611 Lento
2130 3574 2241 3610 cum
2281 3568 2477 3624 corpore
2512 3548 2768 3618 Naba.)

1682 3626 1924 3688 Nubem‚
1985 3642 2097 3693 quae
2129 3625 2299 3680 fertur
2346 3626 2499 3680 tardo
2538 3641 2659 3679 cum
2690 3634 2773 3676 cot·
2826 3664 2832 3690 Ι

1682 3711 1828 3776 pore,
1858 3695 2019 3762 Faym
2041 3712 2059 3748 .·
2100 3691 2348 3763 Agnoscis
2380 3689 2771 3764 Ingeniumllo·
2824 3699 2832 3710 “

1683 3780 1856 3817 minis.
2828 3779 2831 3785 ·

1749 3862 1868 3914 442.
1904 3847 1994 3902 Fit
2032 3847 2329 3916 quoque,'ut
2365 3848 2637 3910 involvat,
2666 3835 2771 3908 ἀΰ.)

1684 3917 1838 3972 Mare
1873 3917 2160 3984 plurimum
2202 3923 2362 3970 vexat
2406 3914 2633 3978 prester,
2670 3911 2777 3990 Τις·

1683 4003 1766 4039 ras
1816 3994 1989 4040 autem
2060 3984 2245 4039 Turbo
2306 3982 2401 4038 ille
2460 3986 2555 4054 qui
2602 3991 2777 4052 proprie

1690 4062 1885 4110 vortex
1917 4055 2107 4108 dicitur
2131 4091 2149 4120 ‚
2197 4053 2285 4122 qui
2320 4052 2393 4107 est
2432 4055 2648 4121 rapidus
2672 4063 2781 4130 vep-

1684 4132 1771 4178 tns
1809 4124 2149 4178 circumastus
2194 4125 2247 4177 Rc
2298 4123 2713 4177 circumvolutus
2736 4131 2780 4170 m

1686 4194 1878 4258 Nube,
1935 4192 2055 4247 cinn
2096 4193 2248 4247 Nube
2283 4200 2461 4246 autem
2499 4189 2783 4248 descendeus

1684 4265 1742 4317 in
1756 4262 1950 4318 Terras
1971 4301 1989 4328 ,
2018 4262 2193 4332 ibique
2218 4277 2502 4331 erumpens
2524 4260 2633 4316 fine
2654 4260 2791 4381 lgntg,t

2675 4345 2729 4382 rc
