3150 4967
599 438 782 523 LIBER
820 439 1062 522 PRIMUS.
1352 449 1396 536 '13

288 611 484 696 Praeterea,
510 631 568 681 cur
580 608 669 681 Vere
688 608 795 681 rosam
806 660 819 697 ,
842 606 1009 680 frumenta
1029 609 1170 698 Calore,
1334 628 1399 700 175

245 696 357 772 viteis
375 702 560 772 Autumno
579 696 675 771 fundi
696 693 832 771 sudante
850 699 1022 769 videmus:

250 790 391 875 sinon,
423 807 514 859 certa
538 784 599 860 suo
614 788 692 877 quia
713 810 863 877 tempore
884 789 1016 860 Semina
1037 811 1150 859 rerum

248 879 338 952 Cum
362 878 624 965 confluxerunt,
671 876 783 964 atefit,
809 878 1030 966 quodcunque
1047 900 1197 966 creatur,

246 969 344 1040 Dum
364 965 579 1056 tempestates
593 966 634 1039 ad
648 990 740 1056 unt,
764 971 796 1038 &
823 966 938 1038 vivida
960 966 1056 1039 tellus

246 1058 344 1130 Tuto
363 1081 422 1128 res
452 1073 582 1128 teneras
595 1050 699 1147 effert
717 1057 754 1127 in
775 1057 910 1128 luminis
930 1057 1031 1129 oras?
1138 1109 1142 1115 -
1333 1070 1397 1143 180

247 1145 356 1234 Qrod
380 1143 408 1217 fi
432 1146 474 1216 de
495 1144 612 1218 Nihilo
631 1144 774 1233 fierent,
797 1144 907 1218 subito
926 1166 1139 1217 exorerentur

247 1236 384 1310 lnoerto
403 1232 533 1322 spatio,
557 1254 655 1323 atque
673 1237 788 1307 alienis
803 1235 952 1323 partibus
974 1236 1073 1307 anni:

250 1326 386 1414 Qrippe
409 1324 470 1396 ubi
491 1324 582 1395 nulla
603 1323 713 1397 forent
732 1324 934 1414 primordia,
959 1347 1032 1414 quae
1053 1325 1186 1413 genitali
1257 1357 1260 1364 ·
1316 1330 1320 1339 '
1376 1393 1380 1400 ,

252 1414 411 1487 Concilio
432 1409 558 1501 pollent
577 1415 680 1485 arceri
697 1432 847 1501 tempore
865 1413 989 1501 iniquo.

292 1504 371 1577 Nec
390 1527 494 1591 porro
512 1503 681 1593 Augendis
700 1502 800 1575 rebus
820 1506 841 1575 S
865 1503 931 1574 atio
952 1499 1037 1575 foret
1056 1500 1135 1575 usus
1199 1561 1203 1568 .
1247 1527 1250 1534 ·
1330 1519 1395 1598 185

253 1593 399 1667 Seminis
424 1592 466 1663 ad
487 1602 637 1680 coitum,
662 1528 863 1665 &Nihiloii
880 1590 1018 1663 crescere
1037 1592 1170 1681 pollent.
1203 1671 1206 1676 ,

254 1683 344 1756 Nam
365 1680 489 1754 fierent
507 1681 647 1771 juvenes
672 1677 781 1754 subito
799 1708 840 1751 ex
858 1681 1031 1753 infimtibu'
1054 1683 1187 1770 parvis:

252 1771 279 1846 Ε
295 1791 456 1861 terraque
477 1794 592 1844 exorta
605 1790 745 1862 'repente
764 1770 894 1843 arbusta
910 1768 1051 1842 salirent.

1302 1864 1397 1949 Quo-

317 2011 406 2081 Atpue
424 2013 470 2067 bec
489 2028 516 2066 re
529 2023 645 2082 manarat
660 2031 692 2069 ex
704 2014 811 2068 mana
844 2012 919 2066 atate
937 2004 1083 2079 congrell'us
1097 2009 1239 2079 Corporum
1248 2012 1392 2081 primorum

390 2084 474 2134 ornain
506 2084 562 2147 'gna
842 2081 874 2133 ad
882 2081 1041 2148 gignendum
1051 2080 1147 2136 valens.
1187 2080 1392 2137 t’oncr'liumaco-

256 2146 474 2230 uquamooren
482 2100 593 2203 sertor?
615 2146 788 2220 ,quadrantilis
802 2189 810 2215 ,
843 2151 935 2215 gendo,
948 2152 1016 2203 unde
1030 2151 1097 2218 apud
1108 2148 1246 2205 Rulloncm
1256 2150 1392 2205 vestimen·

256 2219 302 2274 &t-
320 2217 501 2272 Innuitenun
508 2216 657 2273 facultatem
667 2215 811 2273 distintlam
842 2228 899 2271 tum
907 2219 1069 2285 dumcogr'tur
1078 2220 1199 2271 conciliari
1208 2219 1311 2272 dicitur:
1327 2220 1391 2272 Var-

255 2283 303 2340 &l
348 2285 438 2339 ilicam
447 2287 475 2339 in
483 2302 533 2339 una
542 2284 668 2355 quavis're
676 2286 742 2348 eliea
761 2304 811 2341 un·
842 2304 869 2337 ro
878 2285 923 2339 lib.
933 2285 966 2340 V.
983 2288 1111 2339 Concilium
1129 2290 1231 2349 immittis
1246 2288 1313 2354 apud
1323 2287 1391 2342 Ter-

255 2354 285 2408 rle
296 2302 444 2408 mutibus
454 2354 567 2423 juglans,
581 2373 614 2410 ex
625 2355 809 2421 HomineLeo,
842 2353 945 2407 tullian.
958 2356 989 2408 de
997 2354 1086 2422 pallio,
1100 2354 1135 2408 ell
1147 2352 1294 2422 compofitio
1308 2355 1391 2412 nomi-

255 2423 305 2477 ἄν.
317 2439 371 2476 non
383 2420 528 2487 enascatur,
542 2421 629 2478 Faber.
843 2423 883 2475 nis
894 2419 908 2476 ὂ
918 2422 1014 2477 ditabus
1025 2423 1140 2486 vocibus,
1155 2413 1267 2477 &vetus
1277 2421 1391 2477 Scholia-

287 2501 348 2557 175.
371 2493 513 2555 framea,
525 2510 586 2557 cur,
600 2492 666 2558 &c.]
685 2492 766 2545 Modo
778 2509 810 2546 ex
843 2490 891 2543 stes
907 2492 934 2543 in
943 2492 1051 2558 primam
1069 2491 1122 2548 Sat.
1135 2490 1272 2555 Jirvcnalis
1290 2508 1315 2545 v.
1331 2500 1389 2546 116.

253 2557 404 2682 merum
414 2561 524 2628 origine,
540 2562 665 2626 jamvero
677 2562 811 2628 probatex
844 2560 947 2626 inquit,
968 2560 1073 2612 Cic-onia
1094 2577 1148 2627 quaa
1166 2568 1254 2613 contra
1263 2560 1391 2628 templum

303 2628 310 2642 '
332 2637 481 2696 temporum
493 2628 635 2693 effectibus,
654 2631 733 2682 Nihil
740 2630 811 2681 lNi·
843 2627 988 2681 Conconliae
999 2646 1030 2681 cx
1040 2631 1136 2680 coricilio
1147 2626 1274 2695 (itaenim
1283 2627 1390 2697 legnon

254 2698 302 2749 ln'lo
360 2701 375 2759 ',
390 2714 416 2750 v.
433 2710 474 2751 ιο.
495 2696 701 2751 CurenimVere
710 2704 811 2751 tantum
843 2694 962 2764 conlilio)
982 2696 1054 2750 rostri
1070 2695 1181 2751 Inuitum
1192 2696 1263 2750 lacit.

254 2762 278 2818 R
347 2762 552 2833 AEstatefrnges,
563 2764 768 2830 AuemnoUvae,
784 2769 810 2819 Sc
878 2774 935 2829 185.
957 2767 1095 2833 Nrcporro,
1108 2765 1180 2830 θα]
1200 2764 1322 2820 Tertium
1331 2782 1390 2834 pro·

254 2848 307 2886 non
316 2833 419 2899 Heme,
443 2833 554 2901 aliisque
564 2835 641 2888 ctiam
653 2834 722 2887 Anni
731 2836 811 2902 parti·
843 2834 916 2899 ponit
936 2843 1115 2900 argumentum
1133 2851 1159 2886 v.
1177 2843 1201 2891 8.
1222 2852 1254 2888 ex
1269 2835 1390 2890 Naturali

254 2900 302 2956 bur
313 2903 533 2969 producerentur,
545 2900 604 2955 liarl
615 2902 720 2957 illorum
732 2904 811 2970 origi·
842 2917 930 2953 rernm
941 2903 1099 2955 incremento
1109 2902 1232 2966 ductum,
1252 2901 1271 2956 li
1288 2906 1356 2958 enir'n
1375 2903 1389 2958 ὲ

254 2986 315 3023 nem
325 2973 430 3023 materia
446 2969 515 3023 nihil
533 2970 670 3036 conferat,
689 2988 748 3025 cunr
758 2988 811 3024 non
843 2972 933 3023 Nihilo
944 2986 983 3024 res
997 2969 1098 3033 tierent,
1111 2972 1201 3038 quidni
1209 2973 1285 3025 etiam
1294 2974 1391 3026 lNihi-

254 3038 336 3103 maior
354 3036 389 3094 lit
407 3040 436 3092 in
457 3056 510 3092 una
529 3036 677 3106 tempestate
694 3040 811 3108 quanin
842 3039 1052 3107 loaugerentur?
1082 3041 1192 3108 Ideoque
1209 3048 1324 3108 tempore
1338 3059 1390 3097 non

254 3105 463 3175 alizdispofitio,
484 3115 515 3161 nt
533 3124 565 3160 ex
576 3109 665 3162 Nihilo
674 3110 811 3176 quicquam
843 3105 1387 3173 opusclletutarlsummurnaetatisllorem,

253 3177 431 3245 procreetur?
841 3174 984 3243 justamque
996 3178 1199 3244 magnitudinem
1212 3181 1387 3244 pervenirent,

288 3252 347 3308 176.
374 3241 485 3310 meas]
517 3244 585 3296 Uvas
600 3242 662 3298 Corl.
680 3243 811 3298 Florenti·
842 3242 995 3298 unosaltem
1015 3253 1144 3298 momento
1162 3246 1307 3313 punitoque
1325 3254 1390 3299 tem-

253 3332 311 3370 nnr.
331 3311 468 3378 saumae]
487 3313 604 3365 Suadenti
613 3312 644 3366 G.
658 3311 808 3376 Lambinus,
841 3313 911 3378 poris
928 3312 1041 3367 tenellus
1058 3312 1390 3378 Infansrobustnsluvenis

255 3386 281 3438 δι
298 3382 345 3437 alii
365 3398 398 3436 ex
415 3380 496 3437 MSS.
525 3380 543 3433 i.
556 3399 579 3434 e.
600 3380 750 3448 impellente
766 3381 810 3435 vel
841 3382 970 3443 evaderet,
987 3384 1037 3435 &c
1057 3379 1271 3438 illeocnirntardl
1286 3384 1313 3437 Gr
1328 3400 1390 3451 pan-

252 3449 430 3514 lellicitante,
449 3449 503 3503 hac
515 3450 594 3503 etiam
603 3466 656 3503 vox
666 3450 746 3502 Folrro
756 3449 811 3516 pla·
842 3448 915 3502 latim
926 3449 973 3503 Res
982 3447 1107 3511 crescunt,
1120 3451 1179 3516 qula
1187 3468 1219 3504 ex
1229 3461 1293 3504 certa
1303 3453 1389 3507 Mate-

253 3529 301 3576 oet.
339 3515 481 3573 Salmalius
490 3516 554 3585 legit
563 3520 611 3570 Suo
620 3517 697 3570 dante.
709 3517 760 3571 Ver
761 3521 810 3579 sua
841 3518 880 3569 ria
896 3521 1009 3585 certisque
1020 3518 1156 3585 Principiis
1168 3529 1313 3588 augentur,
1333 3539 1388 3591 qna

252 3589 293 3642 tae
310 3587 374 3643 cum
390 3588 435 3641 rlet
447 3584 544 3649 Rosos,
565 3585 641 3640 Calor
659 3584 807 3651 flumenta,
841 3594 970 3640 momento
978 3588 1100 3654 temporis
1113 3604 1160 3640 nec
1171 3590 1328 3657 congregari,
1341 3607 1388 3646 nec

253 3655 407 3713 Autumnus
423 3653 503 3709 Uvas.
541 3653 591 3708 sea
607 3653 810 3722 quidni-iutuitu
841 3652 938 3721 disponi
956 3671 1003 3709 nec
1023 3657 1145 3731 conjungi
1161 3655 1271 3723 poliunt.
1308 3658 1388 3713 Porro

253 3722 420 3781 retinerent?
439 3723 549 3777 Humido
560 3724 612 3776 viz.
635 3726 660 3778 u
679 3724 743 3786 uelo,
765 3721 809 3777 vel
838 3724 927 3777 'autem
936 3739 994 3777 cum
1005 3740 1037 3776 ex
1047 3735 1109 3776 certo
1124 3725 1219 3777 lemine
1229 3723 1269 3779 ies
1279 3743 1389 3794 augean-

247 3793 475 3858 sdmrele'cimte,
494 3808 546 3846 non
565 3792 636 3845 enlm
645 3792 709 3846 lura
716 3789 752 3846 est
762 3808 809 3846 nec
840 3798 893 3852 tur,
914 3788 1001 3845 laerta
1013 3794 1090 3846 ctiam
1101 3791 1389 3850 leminenalcanturnc-

253 3861 419 3917 incommoda
425 3857 570 3915 translatio.
841 3858 904 3914 celle
917 3860 961 3914 est.
1365 3881 1368 3890 ·

287 3941 347 3991 rso.
372 3925 457 3995 oran]
476 3928 556 3983 Amas
563 3924 809 3993 mavultFaber,lic
875 3937 933 3995 185.
954 3930 1129 3997 Spatiousus.]
1149 3930 1166 3983 i.
1179 3947 1202 3995 e,
1220 3931 1303 3999 Spatia
1314 3945 1387 4002 opus,

252 3997 321 4054 infra
338 3997 545 4052 arrasam
558 3996 656 4059 Amas,
676 3995 711 4051 fio
726 3997 808 4051 Graeci
839 3994 1055 4051 fic1.1.v.220.

347 4062 413 4126 ὲςέ
441 4090 483 4129 ης,
496 4062 808 4120 ubiverolaoninisaurn
938 4067 1018 4119 Nullo
1032 4068 1064 4119 vi
1067 4069 1136 4131 foret
1144 4068 1373 4129 astutum——

253 4134 397 4192 inveniet?
419 4135 425 4145 '
493 4150 525 4188 ue
536 4150 589 4188 non
607 4132 757 4189 solicitanrla
770 4132 808 4188 le·
839 4134 981 4204 VirgiliuS,
1001 4142 1025 4193 t.
1036 4135 1139 4189 AEneirl.

250 4204 310 4260 &io-
936 4205 1212 4258 ——nuncviribur
1224 4205 1287 4267 usus.

288 4281 351 4342 134·
373 4263 609 4341 carbognano]
630 4272 806 4342 Conciliumgr·
859 4278 926 4346 ⁴¹⁸⁶·
950 4271 1121 4349 antiton]
1140 4273 1271 4345 siluro,
1285 4272 1375 4334 Μ.
