3150 4967
275 332 346 406 122
547 378 552 390 -
648 325 693 409 T.
728 322 1033 454 Lucrum
1056 393 1083 402 ,.
1157 387 1160 392 -

271 494 358 567 Ante
374 481 485 582 aliqua·
501 508 658 582 tanquam
676 510 828 580 partum,
852 494 952 582 quim
969 493 1120 582 proditur
1138 508 1258 566 extant
1283 521 1290 530 ·

271 584 362 656 Huic
380 580 455 655 satis
473 584 553 655 illud
574 583 777 671 eritplanum
798 579 923 670 facere,
948 603 1045 671 atquc
1066 584 1229 672 probare,

271 674 353 745 Non
378 671 449 743 fieri
458 692 607 759 partum,
632 671 692 744 nist
712 672 851 745 concilio
874 692 949 744 ante
969 678 1103 746 coacto:

270 762 345 833 Nec
367 763 755 850 commutari-quiequam
782 760 849 832 sine
871 763 1042 833 conciliatu

272 851 485 936 Primorum,
509 869 548 921 ut
567 870 734 938 nequeunt
752 853 852 924 ullius
871 853 1014 939 corporis
1030 848 1090 922 else

272 937 388 1012 Sensus
407 961 482 1010 ante
500 935 600 1025 ipsam
629 944 771 1029 genitam
792 962 944 1012 naturam
964 939 1160 1012 Animantis.

270 1029 442 1101 Nimirum
466 1032 542 1115 quia
561 1030 716 1102 Materies
737 1031 870 1114 disjecto
889 1047 1020 1100 tenetur

269 1121 377 1202 Aere,
401 1120 426 1189 F
429 1118 631 1205 luminibus,
656 1121 796 1201 Terris,
821 1121 1030 1205 Flammaque
1045 1116 1182 1188 mentina

270 1207 345 1280 Nec
361 1205 523 1295 congressa
541 1207 641 1277 modo
663 1210 790 1279 vitaleis
811 1208 1022 1279 convenienti
1127 1239 1141 1257 ··
1327 1219 1340 1294 5

271 1297 421 1368 Contulit
440 1298 527 1366 inter
545 1293 577 1366 se
596 1317 727 1383 motus,
753 1298 873 1384 quibus
892 1298 1115 1368 omnituentes
1203 1298 1206 1302 ’

269 1382 401 1458 Accensr
423 1383 540 1458 Sensus
559 1386 760 1456 animantem
779 1410 942 1473 quamque
963 1404 1123 1478 tuentur,

316 1477 472 1545 Praeterea
494 1476 644 1561 quamvis
666 1478 877 1546 Animantem
890 1475 1042 1562 grandior
1060 1476 1170 1559 ictus,

271 1566 383 1652 Qram
405 1564 526 1651 patitur
544 1584 681 1650 natura,
707 1581 841 1653 repente
861 1563 1004 1651 adfligit,
1031 1559 1208 1633 &omneis

272 1654 448 1757 Corporis,
463 1671 568 1741 atque
589 1655 692 1723 animi
711 1654 816 1741 pergit
834 1649 1032 1724 confundere
1052 1646 1183 1725 Sensus-
1322 1668 1340 1737 9

269 1743 498 1815 Dillolvuntur
516 1743 606 1813 enim
628 1740 781 1829 positurae
802 1742 1065 1828 Principiorum,

269 1834 312 1904 Et
332 1832 461 1918 penitus
481 1850 591 1902 motus
612 1833 725 1902 vitales
746 1831 1003 1918 impediuntur,

268 1922 387 1992 Donec
405 1922 561 1992 Materies
581 1944 697 1991 omnes
714 1917 860 1992 conculsa
878 1943 936 2007 per
955 1936 1068 2005 artus,

268 2008 405 2078 Vitaleis
428 2011 557 2080 Animae
578 2010 684 2080 nodos
701 2010 719 2079 ὲ
737 2034 872 2097 corpore
889 2006 1008 2093 solvit,

269 2093 515 2184 Dispersamque
534 2095 620 2167 foras
641 2122 698 2183 per
718 2098 824 2168 cattlas
846 2098 932 2186 ejicit
950 2096 1088 2167 omneis.
1322 2112 1340 2181 9

191 2244 193 2248 .
270 2187 364 2257 Nam
387 2187 466 2272 quid
485 2204 640 2274 praetcrea
660 2185 764 2258 lacere
780 2188 882 2269 ieiuni
901 2184 986 2273 posse
1006 2199 1137 2255 reamur

272 2275 455 2360 Oblatum,
480 2271 541 2344 nifi
560 2271 737 2361 discutere,
762 2301 801 2346 ac
820 2273 987 2346 dissolvere
1004 2270 1168 2362 quaeque?
1235 2340 1239 2346 .

313 2365 367 2436 Fit
387 2388 538 2451 quoque,
563 2364 612 2435 uti
631 2362 754 2437 soleant
772 2365 885 2437 minus
902 2364 1012 2435 oblato
1025 2362 1140 2434 acriter
1151 2360 1221 2433 ictu

1292 2449 1340 2522 Re

300 2653 360 2706 935.
383 2638 563 2709 Cornmutari.)
584 2632 815 2707 coagmmtorfivel
845 2658 874 2696 co
906 2638 1053 2696 osculorum
1071 2634 1084 2691 ὲ
1101 2637 1194 2706 quibua
1209 2636 1307 2718 constat
1326 2635 1340 2689 ll

266 2711 428 2771 conmentari,
447 2709 588 2763 Muretus:
608 2710 657 2763 Sed
670 2712 816 2763 commutari
845 2728 886 2764 ma
899 2749 906 2767 .
926 2727 1029 2765 omnem
1039 2703 1145 2767 Sensum
1156 2714 1263 2773 penitus
1273 2704 1340 2759 deliri

267 2776 351 2843 placet
363 2815 372 2840 ,
384 2785 414 2831 ut
426 2780 451 2831 ἅ
461 2779 610 2845 Principium
621 2794 667 2844 pro
679 2779 815 2830 Primnum
844 2786 930 2843 torpet
942 2777 1061 2839 animal,
1082 2773 1212 2840 dissipatur
1227 2774 1339 2833 Anima.

267 2845 295 2896 in
314 2843 427 2911 sequenti
446 2844 538 2907 versu,
566 2862 708 2913 quanquam
728 2848 816 2899 Prima
846 2846 978 2913 particulis
990 2846 1062 2899 illius
1078 2860 1125 2911 per
1171 2845 1340 2896 ros&meatr

267 2912 365 2980 aliquot
379 2913 674 2980 locisapurlLueretium
686 2916 816 2982 praPrint
846 2914 1064 2981 eorporeejeers,
1083 2929 1113 2965 co
1142 2927 1156 2963 e
1192 2911 1340 2971 itarinteril

266 2984 334 3050 cipio
343 2978 483 3036 sumantur.
877 2996 936 3047 949·
957 2984 984 3040 Ε
995 2977 1122 3051 Corpore.)
1141 2926 1295 3048 Aiiilegnnt
1309 2978 1340 3032 tt

301 3063 360 3115 939.
381 3052 535 3117 Flammaque
545 3050 660 3112 creatis.)
682 3048 812 3113 Gihniut,
843 3065 916 3118 pore:
934 3051 987 3105 Alii
996 3053 1022 3103 in
1036 3053 1140 3115 serpen.
1272 3053 1277 3064 '

270 3119 390 3182 Terraque
405 3122 504 3171 creatis:
531 3116 606 3183 Quali
629 3117 714 3171 Tetra
729 3126 814 3172 creata
877 3133 936 3183 950.
960 3117 1074 3184 Caulo.)
1092 3115 1330 3190 VoxLuqretiana,

267 3184 395 3240 diversum
420 3186 523 3254 aliquod
542 3189 573 3239 ab
591 3184 643 3254 ipsa
657 3186 741 3254 Tetra
754 3186 816 3240 Ele·
844 3204 885 3256 rot
908 3185 951 3241 seu
973 3195 1073 3242 meatus
1087 3184 1209 3253 ,Corporis
1225 3180 1339 3251 significa

266 3264 383 3308 mentum
392 3256 582 3337 constituerent.
714 3323 730 3335 ..
798 3324 803 3335 Ι
845 3257 886 3337 Sic
896 3256 941 3337 lib.
948 3245 1000 3310 111.
1012 3272 1039 3309 v.
1050 3258 1108 3321 256.
1120 3253 1166 3307 lib.
1178 3249 1224 3322 Vi.
1241 3268 1270 3306 v.
1279 3264 1339 3317 491.

207 3447 209 3462 ‚
265 3322 660 3446 nsilvsnsisoffm“³
677 3322 731 3376 ΜΗ
748 3322 814 3391 Qar-
842 3324 934 3459 ihii'a
954 3392 999 3445 Fu
1018 3400 1107 3459 ququo
1126 3393 1163 3443 ua·
1174 3389 1284 3453 suem,
1313 3388 1339 3442 a

300 3470 358 3523 942.
378 3459 476 3525 Accmst
486 3457 601 3528 sensus.)
634 3458 813 3513 Infrilrncre·
844 3461 961 3515 Declarat
988 3462 1063 3515 etiam
1080 3455 1263 3527 consequenter
1279 3469 1339 3519 v.9

265 3527 340 3591 tine,
711 3541 716 3552 ’
843 3526 1235 3600 introfuentpauuoremiffior,
1256 3523 1340 3593 posse]

266 3594 452 3718 &ffilswk
466 3594 557 3665 catalos
567 3597 703 3651 accendere
709 3596 809 3659 Sensus,
842 3597 1027 3720 {liquanarlgrum
1037 3594 1252 3720 Crrstrqrtuseulorung
1267 3602 1340 3677 eatur

340 3704 347 3717 .
403 3703 409 3716 .
856 3683 940 3720 ionem
970 3683 984 3719 a
1015 3682 1065 3720 sre
1087 3682 1223 3719 turonem
1254 3680 1292 3717 ert

298 3757 374 3773 υ-
389 3729 515 3786 Accensae
531 3734 596 3785 nohis
611 3732 811 3799 emoniensem
842 3734 860 3788 fi
879 3733 1037 3802 dispositione
1054 3737 1086 3788 ad
1103 3743 1188 3788 motus
1205 3678 1340 3787 vitalesdti

297 3827 299 3829 ·
356 3801 407 3864 sm·
487 3806 489 3813 '
843 3813 920 3857 nante
928 3803 1026 3866 adhuc,
1046 3821 1128 3871 neque
1139 3802 1243 3862 omnini)
1260 3798 1340 3854 resolu

298 3882 356 3934 943.
382 3870 497 3921 Praetereo
508 3872 618 3935 qrromois
637 3868 807 3934 Animontem,
844 3873 886 3926 Sic
906 3870 982 3939 sopiti
998 3873 1142 3926 excitantur
1159 3869 1265 3938 senius,
1286 3870 1317 3922 ab
1336 3871 1340 3920 i

265 3936 316 3993 stc.
336 3949 341 3992 l
361 3939 433 4002 Opus
451 3934 626 4005 prosequitur,
647 3936 770 3992 &rursus
781 3956 808 3989 v.
842 3942 932 3993 mortis
943 3940 1032 3994 limine
1044 3942 1124 4001 redit,
1146 3937 1336 3993 &convalescit

202 4065 204 4068 q
265 4019 307 4058 10.
317 4004 393 4059 fitlcrn
405 4005 717 4073 Experieutiaeimplorat:
731 4006 811 4072 Quip·
843 4008 931 4061 nimal.
969 4008 1144 4061 Haecomrria.
1173 4007 1273 4070 fateor,
1302 4008 1340 4062 vo*

263 4089 296 4139 pe
306 4076 443 4126 vehemens
453 4074 536 4135 icius,
558 4077 601 4141 qui
609 4075 647 4128 nil
656 4076 726 4128 aliud
738 4077 807 4141 agit,
846 4077 982 4130 literatius.
1002 4074 1043 4130 serl
1058 4094 1090 4130 an
1101 4077 1127 4128 hi
1139 4076 1226 4132 versus
1242 4077 1340 4131 hacom

263 4143 341 4211 quam
351 4150 380 4196 ut
395 4141 476 4197 solvat
487 4152 617 4200 texturam
628 4146 660 4224 Ιδι
677 4160 811 4212 compages
840 4143 901 4200 satis
911 4148 1072 4213 exprimant,
1091 4145 1182 4214 irretito
1193 4146 1340 4202 dubiam<

221 4367 347 4511 'q
403 4429 406 4433 .
